3366 5052
310 329 324 364 ο
742 323 956 380 -55-

268 493 338 580 Quo
354 493 541 579 fragmento
554 493 759 562 Albanorum
774 515 871 580 reges
888 500 1120 564 enumerantur
1135 497 1211 564 inde
1227 500 1269 565 ab
1284 497 1432 566 Ascanio

266 620 368 684 usque
400 601 442 668 ad
469 600 637 670 Amulium
668 602 830 684 simulque
860 608 896 669 et
927 604 1005 670 anni
1036 604 1152 686 quibus
1182 623 1265 672 unus
1296 606 1433 688 quisque

265 729 412 794 regnum,
446 709 589 776 obtinuit
612 713 648 776 et
677 728 785 792 pauca
812 708 978 777 adduntur
1008 709 1152 778 frustula
1183 731 1267 793 quae
1302 711 1346 778 ad
1378 731 1432 780 res

266 822 383 900 gestas
405 817 583 899 pertinent.
624 816 829 903 Quamquam
852 818 951 886 valde
973 818 1062 885 inter
1083 838 1120 887 se
1144 819 1345 887 dissentiunt
1368 820 1434 888 viri

265 922 355 989 docti
378 921 419 989 dc
442 926 589 1007 tempore
613 943 674 1005 quo
697 925 757 992 illa
780 943 895 1009 regum
917 927 1123 993 Albanorum
1149 928 1268 994 tabula
1294 927 1432 1010 primum

263 1029 299 1096 iu
328 1030 434 1097 lucem
465 1030 511 1098 sit
542 1030 648 1107 edita,
681 1035 715 1099 et
746 1031 787 1098 de
817 1036 954 1099 auctore
985 1033 1040 1114 qui
1070 1033 1313 1118 excogitaverit
1340 1033 1433 1100 illum

265 1137 455 1222 catalogum
489 1144 602 1206 tamen
636 1138 670 1204 id
704 1138 824 1206 saltem
857 1159 916 1223 pro
948 1145 1039 1207 certo
1070 1140 1300 1226 demonstrari⁸
1319 1144 1432 1224 potest

263 1242 400 1310 Diodori
434 1263 549 1329 regum
579 1245 785 1312 Albanorum
818 1246 959 1313 indicem
993 1267 1054 1314 nec
1085 1267 1103 1314 e
1134 1248 1239 1316 Fabio
1271 1267 1331 1315 nec
1366 1247 1431 1314 allo

263 1370 304 1417 ex
326 1351 493 1419 annalium
510 1353 671 1435 scriptore
693 1372 766 1421 esse
780 1353 966 1421 derivatum
979 1354 1038 1421 sed
1054 1375 1073 1422 e
1087 1355 1271 1422 recentiore
1299 1357 1432 1421 chrono-

263 1458 421 1543 graphica
444 1458 547 1526 fonte.
594 1459 725 1527 Primus
748 1459 899 1527 Niebuhr
921 1462 966 1526 H.
991 1461 1032 1526 R.
1056 1462 1076 1527 I
1100 1467 1174 1545 226,
1199 1461 1251 1527 cui
1274 1461 1432 1528 assentiri

263 1565 443 1632 Mommsen
465 1585 531 1633 non
554 1565 734 1633 dubitabat
756 1567 792 1632 in
815 1565 892 1634 Chr.
916 1568 958 1635 R.
982 1588 1013 1650 p.
1041 1573 1113 1651 156,
1145 1569 1296 1635 tabulam
1317 1586 1431 1652 regum

262 1671 468 1738 Albanorum
484 1671 664 1740 affirmavit
679 1673 784 1754 primo
801 1693 831 1740 a.
845 1673 904 1740 Oh.
920 1693 942 1739 n
957 1675 1088 1741 saeculo
1100 1675 1269 1742 inventam
1283 1673 1431 1740 omnibus

261 1799 370 1846 rerum
385 1781 607 1846 Romanorum
628 1780 843 1862 scriptoribus
867 1781 1011 1848 vetustis
1035 1801 1099 1848 non
1122 1781 1225 1849 fuisse
1250 1781 1428 1866 cognitam.

261 1889 442 1955 Mommsen
471 1888 636 1955 concludit
659 1907 678 1954 e
705 1889 816 1957 verbis
840 1887 949 1956 Servii
972 1887 1015 1954 ad
1030 1889 1116 1954 Aen.
1134 1889 1226 1959 VIII
1243 1895 1306 1953 330
1334 1906 1430 1967 „nam

262 1995 348 2077 quod
369 1995 486 2065 Livius
511 1996 593 2079 (13,
617 2001 648 2076 8)
673 1994 755 2062 dicit
779 1998 821 2063 ab
844 1995 979 2063 Albano
1002 2015 1081 2080 rege
1104 1995 1260 2062 Tiberino
1284 1995 1432 2079 Thybrin

261 2102 398 2186 dictum,
427 2121 493 2168 non
515 2102 673 2185 procedet
695 2103 785 2185 ideo,
810 2102 888 2184 quia
911 2103 1014 2170 etiam
1037 2108 1117 2170 ante
1140 2101 1264 2169 Albam
1287 2103 1430 2185 Thybris

261 2209 369 2275 dictus
402 2209 579 2277 iuvenitur.
616 2209 675 2277 sed
708 2209 762 2275 hic
796 2207 1024 2276 Alexandrum
1058 2209 1224 2291 sequitur,
1258 2208 1314 2290 qui
1347 2208 1430 2275 dicit

261 2314 451 2382 Tiberinum
474 2314 595 2398 Capeti
617 2315 719 2382 filium
741 2320 921 2384 venantem
943 2315 978 2382 iu
1000 2316 1086 2382 hunc
1108 2315 1244 2384 fluvium
1271 2315 1430 2383 cecidisse

261 2426 296 2490 et
318 2421 416 2491 fluvio
445 2440 562 2488 nomen
590 2421 739 2488 dedisse“
767 2423 810 2488 ab
833 2423 1041 2505 Alexandro,
1073 2422 1126 2489 cui
1154 2441 1332 2507 cognomen
1355 2426 1431 2488 erat

261 2527 463 2612 Polyhistor,
487 2525 693 2595 Albanorum
716 2547 830 2613 regum
854 2529 1004 2596 tabulam
1028 2527 1245 2597 esse‘fictam.
1285 2529 1431 2597 Etiamsi

259 2654 324 2702 non
340 2634 456 2702 deesse
479 2636 695 2702 concedamus
716 2635 840 2703 indicia
856 2635 973 2716 quibus
997 2636 1145 2719 copiosos
1161 2636 1333 2720 catalogos
1349 2655 1429 2719 quos

259 2743 420 2825 praebent
444 2741 624 2827 Diodorus,
654 2742 785 2826 Livius,
816 2743 1011 2826 Dionysius,
1039 2743 1282 2810 recentioribus·
1305 2744 1428 2810 Intelli-

259 2867 375 2932 gamus
399 2848 612 2932 excogitatos
635 2869 708 2918 esse
732 2849 943 2932 temporibus,
968 2854 1081 2916 tamen
1103 2869 1200 2934 reges
1223 2849 1429 2917 Albanorum

259 2955 326 3022 iam
361 2954 602 3036 antiquissimis
635 2958 858 3025 Romanorum
891 2956 1060 3024 historicis
1093 2976 1158 3023 nou
1191 2957 1290 3040 plane
1327 2957 1430 3026 fuisse

258 3062 392 3146 ignotos
405 3061 494 3128 haud
505 3062 612 3130 minus
625 3069 759 3154 constat
775 3063 831 3149 (of.
845 3062 940 3130 Cass
952 3063 1051 3130 Hem.
1067 3062 1107 3129 fr.
1123 3061 1204 3148 8⁶²);
1222 3064 1308 3132 Oato
1320 3065 1360 3130 fr.
1372 3071 1428 3144 113

259 3168 378 3237 Soltau
395 3165 471 3234 Ohr.
489 3169 531 3235 R.
547 3190 579 3253 p.
594 3171 683 3258 420).
716 3170 783 3238 Sed
798 3171 929 3237 accedit
945 3170 1044 3237 aliud.
1076 3169 1177 3253 Apud
1191 3170 1429 3255 Hieronymum

258 3277 319 3343 sub
349 3274 522 3344 Abraham
559 3283 643 3343 1104
678 3279 819 3364 legimus
858 3279 941 3345 haec
975 3277 1030 3362 (cf.
1059 3278 1249 3361 Holzapfel.
1277 3277 1354 3345 (ihr.
1385 3278 1428 3344 R.

260 3383 353 3471 276):
381 3384 441 3466 „In
464 3383 572 3451 latina
595 3385 737 3452 historia
760 3386 842 3453 haec
866 3386 1066 3454 adverbum
1089 3384 1216 3453 scribta
1238 3385 1429 3466 reperimus.

167 3523 169 3528 ·
257 3489 410 3576 Agrippa
438 3496 520 3574 aput
548 3491 689 3558 Latiuos
715 3497 879 3578 regnante
903 3493 1068 3559 Homerus
1095 3493 1195 3575 poeta
1222 3490 1257 3556 iu
1284 3489 1431 3559 Graecia

258 3599 392 3682 claruit,
421 3604 459 3665 ut
487 3602 660 3666 testantur
686 3599 908 3683 Apollodorus
936 3598 1172 3684 grammaticus
1202 3601 1237 3664 et
1264 3597 1430 3666 Euforbus

258 3705 450 3789 historicus,
480 3711 560 3773 ante
587 3708 700 3774 urbem
723 3708 863 3775 Romam
887 3708 1054 3774 conditam
1077 3726 1152 3773 ann.
1177 3703 1370 3789 OXXHII,
1395 3710 1430 3772 et

257 3818 295 3880 ut
322 3813 372 3879 alt
396 3812 567 3880 Cornelius
595 3814 708 3897 Nepos
736 3819 816 3881 ante
845 3805 1075 3899 Olympiadem
1101 3813 1239 3895 primam
1267 3831 1344 3880 ann.
1369 3811 1428 3879 0.“

258 3919 339 3988 Oum
368 3919 604 4003 Apollodorum
641 3921 893 4006 grammaticum
934 3922 1075 3990 sciamus
1118 3920 1245 3987 altero
1284 3939 1315 3986 a.
1351 3917 1429 3986 Ohr.

256 4047 287 4094 u.
322 4028 481 4096 saeculo
518 4026 636 4111 tuisse,
668 4034 703 4095 et
736 4047 774 4094 re
808 4047 901 4112 vera,
941 4028 970 4096 si
1006 4025 1103 4092 fidem
1140 4026 1298 4093 habemus
1336 4030 1429 4093 cata-

255 4134 341 4219 logis
364 4132 502 4201 Diodori
530 4138 565 4199 et
587 4135 755 4218 Dionysii,
785 4154 891 4203 annus
916 4139 995 4200 ante
1018 4134 1131 4202 urbem
1162 4131 1327 4200 conditam
1355 4152 1428 4200 cen-

346 4397 381 4467 θ9)
400 4397 560 4454 Justisrime
578 4398 729 4455 defendunt
746 4400 797 4455 Idd.
815 4399 911 4468 Meyer
928 4398 976 4454 l.l.
995 4415 1021 4467 p.
1040 4399 1092 4453 615
1111 4398 1172 4454 adn.
1193 4399 1217 4453 1.
1242 4395 1336 4451 Soltsu
1364 4395 1428 4453 (ihr.

255 4487 289 4544 n.
307 4505 333 4558 p.
352 4489 406 4542 420
423 4488 485 4543 adn.
506 4490 536 4554 l,
556 4495 586 4542 et
603 4489 653 4543 alii
676 4505 731 4544 non
754 4503 816 4545 esse
841 4503 953 4544 causam
979 4502 1027 4542 cur
1050 4487 1102 4543 hoc
1125 4487 1312 4556 fragmentum
1337 4483 1427 4540 Cassii

258 4576 394 4635 HemInce
413 4576 557 4636 molibus
577 4577 744 4651 denegemus
762 4593 824 4635 cum
841 4575 1010 4640 Mommseuo
1028 4575 1091 4636 Chr.
1108 4575 1143 4636 R.
1160 4591 1187 4646 p.
1207 4573 1258 4632 155
1283 4572 1345 4633 adn.
1367 4573 1426 4632 296.

1660 4607 1681 4728 l
