3410 5052
785 321 978 378 ..y-

300 497 384 582 quod
413 517 530 581 parum
561 495 716 564 credibile
748 514 822 565 esse
851 494 983 565 videtin
1012 495 1080 562 iam
1107 497 1184 578 post
1210 514 1333 581 paucos
1363 512 1467 563 annos

299 625 397 690 quam
428 624 506 689 opes
528 605 750 672 Romanorum
778 603 929 673 civitatis
959 602 1053 670 clade
1080 602 1225 671 Alliensi
1253 607 1288 671 et
1318 601 1468 671 incendio
1568 663 1573 671 .

300 713 390 781 urbis
412 712 510 784 valde
531 715 608 779 sunt
629 711 795 796 adflictae,
820 712 980 780 coloniam
996 730 1070 779 esso
1086 709 1262 779 deductam
1275 711 1311 779 in
1325 710 1468 779 insulam

298 820 429 906 longius
452 820 563 888 sitam.
598 819 685 888 Num
707 819 776 887 illis
799 820 1000 904 temporibus
1016 820 1236 887 Romanorum
1258 819 1377 908 classis
1400 817 1467 887 iam

297 928 349 995 ita
379 931 454 995 erat
482 927 648 996 instructa
677 938 712 995 et
739 930 915 1013 exornata,
943 930 982 994 ut
1009 929 1118 994 totum
1145 945 1236 994 mare
1263 927 1468 1012 Tymhonum

296 1035 432 1118 pervehi
457 1054 523 1102 non
550 1034 764 1103 dubitarent?
809 1036 903 1122 Quae
931 1053 1004 1102 cum
1030 1034 1082 1100 ita
1110 1033 1191 1118 sint,
1222 1032 1353 1101 facilius
1380 1052 1467 1102 nuno

298 1141 451 1227 adducor,
474 1147 513 1210 nt
533 1142 683 1210 Niesium
709 1143 843 1224 „Abrtss
866 1144 921 1210 oter
942 1141 1116 1209 rt'miscbec
1131 1137 1326 1208 desolabo
1352 1160 1383 1225 p.
1402 1146 1464 1205 595

298 1253 431 1317 secutus
450 1249 589 1317 Diodori
611 1251 714 1319 verba
738 1270 803 1318 non
826 1251 869 1317 ad
886 1249 1074 1319 Sardiniam
1095 1249 1247 1333 insulam,
1272 1248 1331 1316 sed
1352 1248 1466 1317 urbem

297 1357 461 1440 quandam
487 1357 581 1426 nobis
613 1357 763 1444 ignotam
793 1358 952 1427 Italicam
981 1357 1154 1426 referenda
1184 1374 1259 1426 esse
1291 1355 1464 1444 credam).

295 1465 384 1532 Utut
398 1484 452 1533 res
472 1485 508 1534 so
531 1466 644 1550 habet,
669 1465 848 1534 Diodorum
863 1464 987 1534 Latina
1010 1464 1169 1549 scriptum
1192 1463 1318 1532 ionum
1341 1463 1466 1532 adiisse

296 1591 314 1638 e
337 1571 442 1639 forma
463 1577 634 1655 Σορύωνία
656 1572 746 1640 nullo
769 1572 863 1640 modo
885 1577 999 1658 potest
1023 1572 1253 1641 demonstrari.

384 1680 452 1748 ΠΙ.
482 1683 646 1746 Τούσκοι.
681 1683 770 1749 Item
797 1681 972 1749 offenditur
993 1681 1109 1765 Meyer
1135 1681 1170 1748 in
1192 1678 1297 1746 forma
1326 1678 1465 1754 Τούσκοι,

296 1807 381 1871 quae
397 1789 499 1856 semel
514 1791 611 1856 extat
626 1790 717 1860 XIV
735 1795 807 1854 117.
836 1789 930 1874 ,,ο”νιοι
946 1791 978 1853 δέ
994 1784 1203 1868 protocteto
1226 1783 1289 1850 ἀπὸ
1318 1785 1466 1850 Τούσκων

295 1901 454 1978 θρίαμβον
481 1896 609 1977 ἀγαγεῖν
636 1899 684 1961 ἐπὶ
711 1905 826 1962 λευκοῦ
854 1904 1061 1980 τεύρίππου“.
1107 1895 1289 1963 Desiderat
1314 1892 1466 1962 nimirum

300 2011 479 2085 Τυρρηνῶν.
519 2005 626 2091 Quam
641 2005 804 2072 usitatam
820 2024 893 2072 esse
916 2005 1055 2073 formam
1070 2000 1270 2087 conced0,¹⁰)
1285 2020 1371 2088 nego
1385 2019 1465 2071 vero

293 2110 478 2178 inauditam
502 2130 576 2180 esse
600 2111 799 2195 scripturam
828 2111 984 2176 Τούσκων.
1024 2110 1153 2180 Omitto
1176 2113 1330 2178 auctores
1352 2127 1465 2176 recen·

293 2217 444 2286 tissimae
472 2217 619 2303 aetatis,
654 2211 881 2286 Ptolemaeum
909 2218 1148 2304 geographum,
1183 2216 1378 2302 Procopium
1409 2213 1465 2298 qui

293 2326 476 2410 promiscue
500 2326 551 2393 uti
574 2327 683 2395 solent
705 2326 818 2394 formis
847 2335 977 2392 Τοῦσκοι
1000 2330 1035 2394 et
1064 2332 1231 2409 Τνρρηνοι;
1253 2325 1312 2395 sed
1335 2345 1354 2394 o
1376 2323 1463 2392 Plin.

292 2451 324 2498 n.
341 2434 373 2499 h.
397 2434 456 2500 HI
480 2439 522 2500 50
545 2453 706 2519 apparere
729 2434 863 2504 videtur
885 2434 1083 2519 scripturam
1112 2439 1243 2498 Τούσκοι
1273 2453 1338 2501 non
1365 2431 1465 2517 plane

293 2539 437 2608 ahenam
452 2539 554 2608 fuisse
571 2560 591 2608 a
607 2541 723 2626 lingua
740 2541 883 2610 Graeca.
922 2542 1079 2627 Legimus
1100 2542 1186 2609 enim
1201 2542 1284 2608 haec
1304 2539 1464 2626 „Umbros

292 2647 368 2715 inde
396 2667 536 2734 exegere
564 2648 750 2735 antiquitus
777 2648 928 2734 Pelasgi,
958 2647 1019 2717 hos
1044 2648 1146 2733 Lydi,
1175 2668 1196 2715 a
1225 2667 1359 2730 quornm
1385 2664 1464 2730 rege

293 2754 468 2841 Tyrrheni,
492 2775 567 2823 mox
587 2775 608 2824 a
631 2755 781 2824 sacrifico
804 2755 872 2823 ritu
895 2754 1032 2841 lingua
1054 2755 1292 2824 Graecorum
1315 2753 1465 2841 Tlh)usoi

293 2867 371 2930 sunt
394 2863 650 2949 cognominati“.
693 2863 789 2951 Quod
811 2862 1013 2948 singularem
1036 2862 1174 2932 formam
1202 2862 1349 2927 Τούσκων
1372 2859 1464 2929 ducit

382 3074 406 3146 ⁹)
424 3073 522 3146 Nugae
540 3075 600 3132 iere
618 3081 683 3131 sunt
701 3079 731 3132 at
750 3076 824 3132 omni
843 3079 939 3132 caram
950 3074 1139 3146 fundamento,
1158 3092 1229 3146 quse
1241 3074 1349 3147 profert
1361 3073 1463 3132 clason

292 3163 321 3219 in
338 3163 373 3220 H.
392 3162 426 3218 R.
444 3164 494 3232 ῙΤ,
514 3165 610 3236 76777.
654 3164 786 3236 „Diodori
808 3164 893 3221 verbo
915 3181 969 3221 non
992 3166 1028 3222 ad
1050 3166 1237 3222 Romanorum
1264 3169 1391 3236 spectaro
1417 3178 1463 3220 res

293 3259 404 3324 gostas3
423 3252 472 3309 sod
492 3258 633 3310 euctmem
652 3253 789 3310 Graecum
807 3271 824 3310 o
842 3253 964 3312 Diodoro
981 3255 1136 3314 adhibitum
1148 3253 1329 3328 (Ephoruml)
1347 3252 1463 3314 Romam

291 3357 353 3398 cum
371 3342 435 3412 alio,
454 3341 575 3400 Etrusca
593 3358 617 3399 e.
635 3359 674 3414 g.,
693 3343 793 3402 Italiae
816 3344 884 3402 urbo
910 3345 1091 3403 contudisse.“
1129 3343 1206 3412 Quae
1224 3342 1350 3400 remote
1368 3358 1462 3413 super·

289 3449 441 3491 meandum
459 3437 511 3490 ost.
549 3431 653 3488 Contra
679 3433 740 3502 olii,
759 3433 869 3506 (Nissen
887 3435 913 3492 J.
925 3435 952 3492 J.
972 3436 1051 3492 1867.
1069 3452 1096 3506 p.
1115 3436 1176 3491 325.
1212 3432 1307 3489 Faltin
1334 3433 1363 3489 in
1389 3431 1462 3490 Neu·

290 3524 385 3580 manni
403 3524 471 3580 Bell.
490 3522 560 3578 Pun.
580 3522 613 3577 61
633 3522 695 3579 adn.
716 3524 751 3595 2.)
769 3539 800 3580 ra
818 3540 885 3581 vera
903 3523 1059 3581 Sardiniam
1076 3523 1195 3580 insulem
1208 3540 1225 3579 o
1236 3522 1358 3578 Diodoro
1377 3521 1462 3594 signi·

289 3613 367 3669 dcari
385 3616 526 3684 putantes,
545 3617 698 3681 provocant
716 3611 752 3668 od
769 3620 920 3684 praecepta
937 3612 1054 3669 alterius
1072 3612 1194 3669 foederis
1213 3629 1230 3668 a
1248 3610 1380 3694 Romanis
1400 3627 1462 3670 cum

289 3701 566 3774 Carthaginiensibus
584 3701 642 3759 icti.
679 3701 749 3773 (Pol.
768 3703 810 3757 111
830 3705 929 3776 aulo).
967 3701 1026 3769 Quo
1044 3710 1126 3773 pecto
1145 3717 1206 3758 oum
1222 3700 1340 3758 Romani
1356 3701 1386 3758 in
1399 3701 1461 3758 Sar·

289 3793 393 3848 diniam
417 3790 540 3848 colonias
564 3791 676 3847 mittere
700 3797 840 3863 vetentur,
865 3793 921 3849 iam
946 3791 1147 3861 antiquissimis
1170 3790 1341 3862 temporibus
1364 3789 1415 3848 illa
1431 3790 1461 3852 in

290 3882 383 3938 insule
401 3882 541 3938 Romonm
559 3881 647 3938 fuisse
666 3881 788 3938 colonius
806 3883 973 3939 concludunt
985 3881 1040 3940 viri
1052 3880 1135 3936 docti.
1167 3878 1243 3946 Quae
1255 3881 1460 3951 argumentatio

287 3971 392 4027 nullom
416 3969 601 4042 persuadendi
624 3971 821 4028 necessitatem
846 3972 931 4029 habet
954 3969 1119 4042 praesertim
1143 3985 1205 4025 curn
1229 3969 1325 4027 eodem
1348 3970 1460 4028 foedere

289 4059 469 4117 interdictum
487 4059 527 4117 sit
543 4058 690 4129 Romanis,
709 4076 743 4116 nc
761 4060 797 4116 ad
814 4061 948 4131 Libycum
971 4061 1040 4116 litus
1063 4058 1202 4116 deducant
1224 4058 1343 4116 colonos.
1380 4060 1459 4118 Unde

287 4164 367 4206 namo
395 4149 541 4207 concludet
566 4149 624 4206 illis
653 4150 822 4222 temporibus
854 4151 883 4208 in
913 4149 1010 4207 Africa
1039 4149 1096 4206 iam
1125 4147 1264 4206 &manas
1291 4148 1459 4206 constitutos

288 4236 375 4295 fuisse
394 4237 525 4295 colonias.

378 4326 414 4399 ¹⁰)
433 4327 545 4385 Suidas:
565 4331 719 4404 πΤυρσηνοῖσι
736 4331 810 4404 χώρα
828 4333 873 4382 καὶ
889 4331 1020 4404 Τυρρηνοὶ
1038 4332 1064 4383 οἱ
1082 4328 1221 4402 λεγόμενοι
1237 4328 1354 4382 Τοῦσκον.
1380 4327 1458 4386 Simi-

288 4414 353 4471 liter
365 4416 463 4472 Strabo
473 4415 507 4486 V,
516 4420 543 4487 il,
554 4420 580 4473 il.
612 4421 639 4471 οἱ
654 4421 784 4494 Receperat
801 4418 876 4493 παρὰ
894 4433 951 4476 τοῖς
968 4419 1102 4489 Ῥωμαίοις
1117 4419 1270 4492 Ἐτρσῦσκοσ
1287 4422 1332 4471 καὶ
1348 4419 1458 4471 Τοῦσκοι

287 4506 536 4580 προσαγορεύονται.
572 4507 667 4564 Etiam
684 4507 823 4566 Diodorus
841 4509 905 4567 aliis
923 4509 996 4568 Iocis
1015 4525 1122 4582 semper
1147 4507 1272 4580 praefert
1298 4509 1462 4586 dupppocp'g

288 4613 312 4658 o.
324 4613 352 4671 g.
370 4595 445 4670 XIV,
464 4597 615 4672 11331163
634 4598 729 4672 ll‘td
