3410 5052
760 290 981 350 ...22-

285 470 325 536 E.
350 487 381 552 g.
405 467 543 550 primum
571 464 656 547 quod
679 463 799 531 dicitur
821 463 943 530 bellum
967 463 1185 533 Samniticum
1208 461 1455 551 (411-413)0

285 573 429 644 Diodoro
451 592 493 641 ne
515 573 616 643 verbo
640 569 769 655 quidem
791 576 1069 657 commemoratur,
1094 589 1289 656 quamquam
1312 569 1343 637 si
1356 569 1454 638 Livio

286 681 461 766 credimus,
491 682 554 748 hoc
575 677 698 747 bellum
728 679 908 762 superabat
937 678 1007 746 fere
1038 678 1147 747 omnia
1176 678 1245 746 alia
1271 676 1454 763 magnificis

286 793 321 858 et
345 786 488 876 egregiis
511 786 733 854 Romanorum
755 785 966 854 facinoribus.
1005 783 1161 855 Profecto
1184 784 1455 855 verisimillimum

286 901 339 965 est
362 898 469 964 totum
491 895 630 981 primum
652 894 774 962 bellum
795 892 1011 962 Samniticum
1034 914 1107 963 esse
1134 896 1247 962 lictum
1270 913 1291 961 a
1313 891 1454 960 recenti-

286 1004 396 1073 oribus
424 1003 590 1071 annalium
619 1001 834 1087 scriptoribus
863 1005 898 1068 et
921 1003 1019 1070 rebus
1043 1001 1279 1069 commenticiis
1302 999 1455 1082 fictisque

284 1109 436 1180 inaudita
459 1108 597 1177 licentia
620 1127 694 1177 esse
717 1111 859 1176 auctum.
903 1108 1082 1177 Diodorum
1106 1109 1135 1176 si
1158 1108 1311 1194 egregias
1334 1105 1453 1174 Roma·

287 1237 401 1287 norum
423 1215 583 1287 victorias
607 1216 695 1299 apud
711 1215 901 1286 Suessulam
924 1219 960 1282 et
975 1215 1123 1286 Gaurum
1146 1221 1290 1283 montem
1305 1215 1346 1282 de
1363 1213 1454 1283 Sam-

285 1325 412 1394 nitibus
446 1325 537 1391 latas
572 1322 606 1390 in
640 1323 733 1391 fonte
768 1341 825 1390 suo
861 1323 1149 1408 deprehendisset,
1187 1327 1267 1407 puto
1302 1320 1455 1389 similiter

285 1431 418 1502 silentio
440 1429 697 1517 praeteriturum
720 1429 822 1498 inisse
847 1434 947 1512 atque
969 1430 1143 1500 victoriam
1174 1449 1272 1515 quam
1294 1446 1380 1496 anno
1403 1445 1453 1494 se·

285 1541 406 1625 quante
435 1537 578 1608 Romani
606 1537 721 1622 adepti
751 1540 828 1604 sunt
860 1537 900 1605 de
929 1537 1064 1606 Latinis
1093 1541 1128 1606 et
1158 1537 1335 1623 (lampenis
1365 1535 1453 1620 (414,

285 1647 385 1728 XVI,
404 1645 469 1732 90).
497 1645 676 1730 Ignorasse
696 1648 808 1712 autem
819 1644 952 1714 videtur
964 1650 1081 1712 auctor
1093 1665 1113 1712 a
1124 1645 1270 1712 Diodoro
1287 1642 1454 1711 adhibitus

286 1753 433 1822 fabulam
452 1751 659 1820 notissimam
675 1771 740 1836 qua
754 1753 794 1820 P.
811 1751 935 1819 Decius
950 1752 1025 1820 Mus
1040 1752 1202 1839 inpugna
1218 1753 1261 1820 ad
1273 1751 1456 1825 Vesuvium

286 1859 460 1928 commissa
481 1879 541 1944 pro
568 1859 679 1928 salute
702 1859 751 1926 rei
777 1858 930 1943 publicae
960 1859 1031 1928 deis
1063 1879 1099 1928 se
1130 1859 1304 1931 devovisse
1335 1857 1456 1926 dicitur

287 1965 376 2055 (Liv.
400 1967 492 2039 vm
515 1967 557 2054 9).
605 1969 659 2035 Ex
688 1965 873 2049 antiquiore
901 1967 1070 2035 annalium
1093 1966 1254 2052 scriptore
1276 1965 1456 2034 Diodorum

285 2072 437 2144 hausisse
468 2073 571 2142 etiam
601 2073 677 2142 inde
708 2079 859 2158 apparet,
890 2073 976 2157 quod
1006 2075 1133 2143 numeri
1166 2073 1311 2142 hostium
1344 2072 1401 2157 qui
1434 2091 1455 2140 a

284 2181 445 2250 Romanis
472 2182 508 2249 in
534 2181 653 2268 pugnis
682 2185 761 2250 sunt
788 2180 879 2267 capti
906 2182 960 2250 vel
983 2181 1094 2260 occisi,
1117 2181 1259 2250 nondum
1282 2179 1455 2249 incredibi-

284 2289 364 2359 liter
401 2292 480 2359 sunt
519 2289 611 2357 aucti
640 2287 695 2377 (ci.
737 2289 919 2357 Mommsen
950 2289 993 2358 R.
1026 2290 1065 2358 ll.
1095 2289 1132 2358 II
1157 2310 1189 2373 p.
1220 2292 1306 2373 263).
1361 2287 1456 2376 Quod

288 2395 410 2480 optime
452 2394 676 2482 cognoscimus
712 2395 815 2463 libros
852 2395 949 2464 XIX
990 2402 1026 2465 et
1059 2396 1136 2466 XX
1177 2395 1294 2480 quibus
1335 2395 1456 2465 bellum

286 2501 485 2570 describitur
508 2501 726 2571 Samniticum
755 2508 986 2588 comparantes
1017 2522 1090 2573 oum
1116 2503 1214 2574 Livio
1236 2504 1293 2587 qui
1315 2523 1334 2571 0
1356 2503 1455 2571 fonti·

285 2609 347 2677 bus
382 2608 450 2678 suis
486 2608 679 2699 (AntiateP)
710 2609 885 2679 immensos
918 2611 987 2679 edit
1017 2630 1177 2680 numeros.
1233 2611 1296 2679 De
1318 2608 1456 2678 Diodori

285 2717 478 2786 narratione
513 2737 597 2801 quae
628 2720 761 2802 spectat
796 2719 840 2786 ad
869 2719 991 2786 bellum
1023 2718 1241 2788 Samniticum
1270 2716 1455 2786 rectissime

284 2825 411 2894 iudicat
433 2825 536 2894 Niese
558 2824 579 2890 l.
604 2824 617 2890 l
639 2830 735 2908 ptos
760 2824 836 2892 adn.
863 2831 891 2889 1.
938 2825 1029 2909 „Der
1056 2826 1138 2892 besta
1160 2825 1287 2892 Bericbt
1309 2825 1357 2890 bei
1379 2823 1455 2891 Dio

285 2932 342 2998 dor
369 2932 461 2998 XIX
483 2932 553 2998 aad
575 2932 645 2997 XX
664 2932 790 3016 beqiuat
817 2931 874 2997 ms't
901 2931 1093 2999 0100010100
1116 2941 1182 2999 318
1207 2952 1262 2998 cor
1294 2929 1455 3013 timiama

285 3039 341 3106 dar
363 3036 564 3105 Hoiouiscba
585 3040 629 3106 ist
650 3039 695 3106 im
716 3039 931 3106 catarracten
952 3039 1054 3106 010010
1081 3041 1130 3107 ads
1153 3041 1220 3107 eiua
1243 3040 1456 3123 Bearber'trmp

270 3145 353 3212 und
373 3145 556 3230 Fdlscbuoq
578 3146 632 3212 das
654 3145 959 3230 Dtobrbctec‘fflb.

376 3303 412 3376 ⁸⁰)
430 3303 581 3360 Diodorum
609 3306 701 3362 omnia
725 3321 796 3375 quae
820 3305 849 3361 in
872 3303 952 3363 fonte
976 3322 1026 3363 suo
1049 3307 1187 3378 repperit,
1211 3307 1240 3362 in
1258 3306 1455 3363 bibliothecam

284 3393 464 3451 transtulisse
488 3391 535 3450 vix
560 3392 730 3451 crediderim.
773 3395 875 3451 Procul
899 3394 1047 3464 dubiosa,
1072 3412 1143 3466 quae
1166 3401 1320 3453 memoratu
1336 3411 1390 3452 nou
1409 3401 1455 3453 sat

287 3483 375 3556 digna
393 3499 455 3542 esse
473 3482 651 3550 ductantur,
671 3483 776 3554 omisit,
801 3483 857 3541 alia
880 3484 1033 3555 conmorit,
1060 3500 1263 3554 nonnumquam
1280 3489 1349 3556 puto
1367 3485 1454 3556 negli-

286 3572 384 3644 gentia
411 3571 518 3629 factum
542 3587 603 3629 esse
627 3577 661 3627 ut
682 3587 728 3628 res
745 3573 884 3630 Romanas
910 3573 1011 3630 addere
1034 3574 1221 3645 praeterierit.
1267 3574 1362 3645 Neque
1389 3591 1454 3633 vero

286 3662 439 3718 Diodorum
456 3663 538 3733 plane
555 3661 704 3718 temerarie
722 3661 827 3720 fontem
846 3678 926 3720 suum
944 3663 1121 3733 despoliasse,
1144 3680 1199 3720 non
1217 3669 1361 3723 curantem
1384 3680 1455 3736 quae

286 3757 370 3809 antea
394 3768 429 3808 ex
452 3757 566 3809 auctore
589 3751 768 3822 repetiverit,
793 3767 863 3821 quae
888 3752 1013 3810 omiserit
1036 3753 1120 3810 facile
1146 3757 1241 3824 potest
1263 3755 1454 3812 demonstrari.

284 3841 351 3898 XIV
369 3842 413 3910 98,
431 3840 550 3912 legimus
568 3842 650 3898 haec:
685 3841 767 3915 „stede
785 3839 815 3894 δὲ
832 3841 1024 3914 (Αἰτωλούς)
1051 3841 1172 3910 πόλεμον
1198 3842 1233 3896 τὸ
1259 3845 1453 3918 abruptos!

285 3930 497 4000 Ecomuptels:
517 3927 722 4001 „Alrclodd
746 3931 947 3988 restituendam
975 3947 1036 3990 esse
1063 3931 1180 3988 formam
1207 3930 1382 3990 Alulslocr
1409 3932 1454 3991 vel

287 4017 463 4092 „dictord
483 4019 612 4076 discimus
627 4036 642 4078 0
656 4020 735 4077 Livio
750 4021 776 4079 V
791 4024 832 4078 27.
865 4020 968 4089 Quodsi
976 4021 1051 4078 bella
1061 4038 1078 4077 a
1089 4020 1221 4079 Romanis
1234 4027 1332 4080 contra
1343 4023 1454 4093 Aequos

286 4113 370 4182 gesta
382 4124 497 4180 quorum
509 4108 543 4165 fit
551 4111 655 4167 mentio
665 4127 682 4167 a
692 4110 821 4180 Diodoro,
830 4109 1099 4180 perlustraverimus,
1108 4111 1210 4168 bellum
1228 4111 1294 4168 enni
1305 4112 1359 4168 000
1373 4128 1453 4182 quar-

285 4203 346 4255 tum
356 4213 417 4256 esse
431 4197 524 4255 abillo
538 4205 779 4257 commemoratum
791 4199 969 4259 inveniemus.
988 4200 1060 4272 (270,
1070 4199 1131 4268 322,
1141 4200 1202 4270 340,
1213 4201 1286 4272 300).
1307 4200 1454 4271 Quaeram

286 4287 328 4344 ita
346 4287 404 4346 sint
421 4292 473 4344 aut
481 4303 642 4346 censeamus
653 4306 766 4348 necasse
779 4295 824 4348 est
836 4290 921 4348 etism
932 4289 1046 4346 Diodori
1055 4288 1161 4346 fontem
1173 4290 1248 4348 inter
1260 4306 1345 4347 annos
1359 4293 1411 4348 270
1425 4298 1455 4349 et

287 4377 340 4434 060
368 4381 499 4449 quattuor
525 4381 635 4434 tautum
661 4379 781 4438 edidisse
807 4379 881 4437 bella
908 4379 1024 4452 (Eodem
1045 4379 1194 4436 intervallo
1216 4378 1312 4437 Livius
1335 4380 1454 4454 triginta

286 4466 346 4525 fers
376 4472 520 4526 munerat
544 4467 619 4524 bella
645 4474 742 4526 contra
770 4470 880 4540 Aequos
907 4469 1002 4541 gesta)
1029 4472 1080 4525 aut
1105 4469 1255 4526 Diodorum
1283 4485 1317 4528 ea
1344 4475 1453 4529 artum

286 4571 447 4617 nummasse
459 4573 529 4630 quae
543 4563 627 4616 antea
639 4559 770 4616 ediderat.
800 4558 915 4632 Saepius
927 4563 1021 4616 autern
1033 4558 1148 4617 levitate
1166 4576 1221 4618 uon
1232 4564 1327 4632 potest
1339 4560 1452 4620 absolui.
