3410 5052
724 326 943 384 ..19-

202 573 204 578 ,
250 517 488 582 nonnumquam
515 497 681 566 meliorem
708 497 848 582 praebet
871 496 1059 565 memoriam
1081 514 1179 581 quam
1201 494 1416 564 1999199999-

249 605 366 674 laticii.
414 605 595 692 Quodque
618 605 689 673 iure
712 603 959 690 contendamus,
983 603 1271 674 demonstrandum
1293 608 1355 674 est.

336 730 438 814 Apud
459 729 591 800 Livium
610 733 672 815 IV,
691 737 742 808 23,
770 737 853 796 1—3
876 730 1016 816 legimus
1039 731 1131 799 haec.
1158 729 1322 810 π11999999
1343 745 1416 797 con·

250 839 339 906 sules
374 838 526 921 sequenti
561 858 646 908 anno
680 837 843 924 reiectos,
877 838 1005 906 dulium
1035 838 1188 924 tertium,
1223 836 1417 924 Verginium

248 945 370 1013 iterum
394 944 481 1030 apud
502 945 652 1012 Macrum
674 943 838 1012 Licinium
864 944 1006 1015 invenio.
1052 945 1207 1018 Valerius
1229 943 1354 1014 Antias
1382 951 1417 1012 et

249 1051 289 1138 Q.
306 1052 436 1120 Tubero
450 1050 496 1117 M.
513 1052 675 1120 Manlium
698 1057 733 1120 et
749 1051 788 1138 Q.
806 1051 986 1137 Sulpicium
1007 1052 1043 1120 in
1066 1071 1138 1121 eum
1161 1072 1282 1122 anuum
1304 1051 1416 1138 edunt,

248 1164 393 1227 ceterum
421 1159 455 1227 in
483 1159 695 1243 discrepante
725 1157 869 1226 editione
897 1166 933 1227 et
961 1159 1090 1227 Tubero
1118 1165 1153 1228 et
1175 1161 1290 1229 Macer
1315 1159 1417 1228 libros

246 1266 367 1336 linteos
398 1270 551 1336 auctores
581 1258 788 1350 profitentur,
828 1270 947 1333 neuter
973 1266 1153 1335 tribunos
1183 1267 1349 1336 militum
1378 1285 1417 1336 eo

247 1393 333 1443 anno
355 1373 458 1442 fuisse
481 1373 644 1442 traditum
667 1393 688 1442 a
711 1372 975 1457 scriptoribus
999 1373 1175 1458 antiquis
1197 1372 1414 1443 dissimulat.“

248 1481 393 1551 Diodoro
417 1484 507 1550 teste
529 1481 617 1567 XH,
643 1487 683 1546 93
708 1485 821 1548 9920
844 1499 911 1549 999
934 1481 1095 1566 99999199,
1119 1481 1178 1550 sed
1200 1486 1270 1552 tras
1292 1480 1419 1550 tribuni

249 1589 412 1658 militares
446 1587 667 1675 magistratus
701 1590 875 1674 gerebant.
929 1586 1011 1658 Oum
1041 1607 1060 1656 e
1090 1587 1198 1656 tribus
1233 1607 1317 1671 quae
1347 1588 1418 1656 edit

248 1695 414 1765 Diodorus
436 1695 620 1765 nominibus
643 1696 707 1764 duo
729 1698 852 1781 gerant
874 1694 1082 1780 cognomina,
1105 1693 1198 1763 iilum
1219 1695 1316 1766 buius
1339 1695 1418 1765 anni

162 1806 164 1813 '
245 1803 467 1889 magistratus
495 1821 672 1888 eponymos
701 1801 948 1888 chronographo
976 1800 1094 1870 debere
1121 1800 1324 1886 perlucidum
1352 1807 1413 1871 999.

245 1910 340 1997 Quae
368 1929 441 1979 cum
467 1910 520 1978 ita
546 1910 630 1996 sint,
653 1909 752 1996 index
782 1908 1023 1995 chronographi
1051 1929 1072 1977 a
1094 1908 1238 1978 Diodoro
1267 1909 1417 1994 excerpti

244 2017 380 2088 fluxisse
403 2017 537 2088 videtur
560 2037 601 2086 ex
623 2015 785 2086 fastorum
808 2015 949 2100 quodam
964 2016 1145 2100 exemplari
1161 2017 1246 2099 quod
1260 2036 1416 2086 nonnum·

245 2145 343 2208 quam
366 2124 522 2209 praebuit
544 2123 765 2208 antiquiorem
786 2128 821 2192 et
836 2121 983 2192 fidiorem
997 2124 1187 2192 memoriam
1202 2124 1417 2195 1999199999

244 2233 324 2300 lium
346 2231 544 2317 scriptorum
566 2252 589 2300 a
610 2231 708 2302 Livio
730 2231 910 2317 usurpatis.

335 2357 497 2428 Similiter
522 2377 576 2426 res
600 2377 636 2426 se
658 2357 781 2425 babere
803 2356 937 2425 videtur
959 2374 1032 2424 cum
1055 2356 1095 2443 Q.
1118 2357 1217 2427 Fabii
1243 2359 1419 2428 consulatu

247 2464 339 2552 (272)
363 2485 384 2533 9
411 2463 557 2532 Diodoro
587 2463 833 2548 praetermisso.
886 2464 982 2531 Inter
1012 2481 1115 2531 annos
1146 2468 1260 2534 autem
1287 2471 1349 2532 297
1381 2471 1418 2535 99

247 2579 311 2638 298
335 2572 518 2641 intercalat
541 2572 629 2648 XII,
654 2578 674 2638 3
694 2571 802 2639 Marci
816 2570 916 2638 Fabii
939 2571 1155 2656 consulatum,
1179 2572 1236 2655 qui
1256 2591 1418 2656 nusquam

245 2679 326 2747 alibi
341 2679 519 2750 invenitur.
550 2679 664 2748 Plane
674 2677 860 2763 adstipulor
874 2678 1075 2746 Mommseno
1087 2677 1140 2758 (R.
1153 2677 1192 2744 F.
1204 2678 1244 2744 H
1256 2685 1319 2744 299
1332 2682 1416 2763 sqq.)

244 2789 320 2855 rato
332 2786 431 2855 Fabii
446 2787 654 2855 consulatum
671 2792 735 2852 298
747 2784 925 2853 frustulum
936 2803 1010 2853 9999
1023 2782 1220 2867 antiquioris
1231 2786 1416 2873 memoriae,

246 2897 366 2976 postea
387 2912 467 2963 vero
490 2913 564 2962 9999
585 2898 755 2962 extrusum
776 2892 975 2961 aiastorum
990 2891 1129 2975 quodam
1144 2890 1316 2961 redactore
1332 2894 1418 2978 quod

250 3004 415 3084 repugnat
447 2999 573 3082 famae,
610 3019 675 3084 qua
708 3000 744 3068 iu
773 3018 885 3086 pugna
915 2999 1003 3084 apud
1025 2997 1213 3068 cremeram
1244 3000 1417 3071 commissa

246 3103 340 3192 (277)
370 3109 446 3173 9999
481 3106 589 3174 Fabia
624 3125 705 3192 gens
742 3125 806 3175 uno
843 3111 982 3191 excepto
1016 3105 1056 3192 Q.
1088 3105 1193 3174 Fabio
1228 3106 1308 3195 (cos.
1341 3115 1416 3187 287,

186 3268 189 3273 .
247 3217 322 3295 289,
347 3214 424 3296 295)
451 3212 590 3297 periisse
617 3213 717 3298 vulgo
748 3213 956 3281 credebatur.
1008 3211 1046 3282 Si
1074 3210 1242 3297 Quintus
1270 3214 1418 3284 Fabius

245 3338 326 3388 suae
348 3319 461 3406 gentis
484 3339 569 3388 unus
592 3325 667 3388 erat
691 3325 870 3406 superstes,
893 3319 967 3389 fleri
986 3338 1051 3388 non
1071 3319 1181 3404 potuit
1196 3323 1235 3388 ut
1250 3318 1317 3388 iam
1331 3339 1418 3390 auno

246 3431 310 3492 298
354 3427 489 3495 Μ99999
516 3427 641 3495 Fabius
670 3429 877 3496 consulatum
912 3425 1163 3511 adipisceretur.
1221 3427 1315 3514 Quae
1345 3447 1418 3497 cum

244 3533 296 3600 ita
325 3532 395 3601 sint
426 3533 549 3618 optimo
580 3534 651 3602 iure
681 3535 917 3603 Mommsenum
948 3535 1016 3602 1.1.
1044 3534 1246 3603 Matuatium
1273 3533 1350 3604 cnr.
1374 3537 1416 3604 R.

245 3641 275 3709 Ι.
303 3646 367 3706 220
391 3641 497 3709 999991
521 3642 683 3709 credimus
705 3642 752 3709 M.
768 3642 868 3710 Fabii
890 3642 1096 3711 consulatum
1119 3662 1140 3710 a
1162 3641 1307 3709 Diodoro
1328 3642 1418 3711 inter

245 3766 351 3816 annos
380 3752 589 3816 29799298
615 3749 679 3832 (01.
705 3755 757 3835 82,
783 3755 816 3832 3)
846 3749 1079 3835 interpositum
1109 3749 1152 3816 ad
1182 3747 1352 3832 antiquam
1381 3755 1418 3817 et

243 3856 364 3923 bonam
398 3854 506 3923 redire
540 3856 740 3925 memoriam.
799 3857 879 3926 Cum
913 3877 992 3927 vero
1027 3855 1176 3924 consules
1209 3855 1305 3924 buius
1339 3856 1418 3925 anui

244 3961 356 4050 (Diod.
384 3963 478 4047 XII,
509 3965 542 4047 3)
575 3963 682 4032 999919
717 3967 903 4050 appareant
937 3961 1122 4032 nominibus
1156 3962 1209 4050 (Ia
1242 3962 1417 4049 Quinctius

245 4070 520 4152 Cincinnatus,
544 4073 590 4138 M.
607 4071 734 4140 Fabius
749 4070 996 4157 Vibulanus),
1019 4070 1087 4137 iam
1102 4070 1259 4138 habemus
1274 4069 1417 4139 alterum

247 4178 427 4262 exemplum
451 4197 513 4261 quo
537 4179 779 4265 chronographi
801 4179 942 4246 indicem
966 4176 1132 4244 meliorem
1155 4178 1314 4261 praebere
1351 4197 1416 4246 me·

246 4284 379 4352 moriam
402 4302 502 4368 quam
523 4284 655 4354 Livium
678 4284 851 4369 fastosque
884 4283 1089 4368 Capitolinos
1113 4283 1417 4368 demonstratur.”)

334 4493 371 4564 ¹⁰)
392 4495 535 4553 dichorius
554 4495 604 4553 11
623 4513 649 4570 p.
669 4497 722 4554 219
741 4496 906 4556 adversatur
923 4495 1092 4554 1199999999
1111 4495 1165 4552 boc
1177 4494 1238 4554 9919
1249 4510 1333 4554 eausa
1345 4497 1417 4568 quod

248 4582 367 4641 adiectis
386 4584 595 4658 cognominibus
624 4586 751 4644 consules
781 4585 936 4643 aDiodoro
962 4585 1122 4644 mrercslari
1148 4586 1288 4658 leguntur.
1323 4585 1416 4661 Negat

1200 4675 1234 4730 ᾗ*
