3410 5052
767 319 984 377 ..36-

291 489 366 558 Ρ11.
387 491 432 558 Η.
449 493 491 558 R.
508 493 549 558 R.
566 512 597 574 p.
614 491 841 561 LXXVHH.
876 493 973 558 Haec
995 511 1073 560 vero
1096 491 1205 559 omnia
1225 491 1356 559 incerta
1378 497 1458 560 sunt

292 600 329 664 11
351 596 442 664 firmo
465 603 583 665 carent
604 598 827 665 fundamento.

379 705 614 773 Examinemus
647 705 714 772 iam
750 703 943 772 testimonia
984 723 1070 788 quae
1110 705 1214 773 Peter
1255 707 1301 773 H.
1335 707 1379 774 R.
1413 707 1455 772 R.

290 831 321 895 p.
353 812 515 884 LXXVI
547 831 617 894 sqq.
653 811 774 894 aliique
808 813 852 879 ad
881 810 1022 880 Fabium
1051 811 1219 880 Pictorem
1260 812 1457 880 Latinorum

293 917 461 985 annalium
496 918 690 1002 scriptorem
723 917 880 985 referunt.
931 916 1013 1004 Quis
1047 924 1101 987 est
1134 919 1191 1003 qni
1223 938 1289 987 non
1319 918 1457 988 miretur

290 1023 460 1094 Latinos
487 1025 653 1094 annales
680 1045 701 1092 a
727 1024 834 1091 nullo
860 1024 1055 1093 historico
1083 1028 1309 1111 usurpatos,
1338 1047 1384 1094 ac
1410 1047 1457 1095 ne

289 1135 405 1201 notos
428 1132 580 1216 quidem
601 1132 675 1200 ulli
697 1131 820 1200 fuisse
842 1130 958 1201 rideri.
997 1132 1125 1219 (Pauca
1147 1131 1346 1219 fragmenta,
1370 1152 1456 1218 quae

290 1239 478 1326 traduntur,
510 1261 529 1308 e
559 1240 829 1326 grammaticis
858 1240 975 1308 libris
998 1245 1076 1308 sunt
1104 1240 1238 1324 petita.)
1282 1242 1336 1309 De
1358 1242 1456 1312 Livio

289 1365 390 1432 supra
419 1347 486 1415 iam
517 1346 767 1432 disputavimus.
822 1346 974 1415 Ciceroni
1007 1346 1156 1416 Graecos
1186 1347 1325 1416 annales
1358 1354 1455 1418 notos

288 1453 393 1524 fuisse
425 1474 445 1521 e
477 1454 549 1523 loco
582 1454 676 1522 modo
710 1455 848 1523 laudato
882 1456 923 1523 de
957 1455 1023 1525 dir.
1054 1457 1087 1540 Ι,
1120 1461 1172 1540 21,
1204 1462 1246 1521 43
1282 1457 1454 1526 evincitur.

289 1562 384 1649 Quae
407 1580 479 1629 cnm
501 1562 553 1629 ita
580 1562 663 1647 sint,
694 1562 842 1646 suspicor
865 1562 1056 1631 Ciceronem
1079 1562 1201 1630 ceteris
1224 1582 1351 1647 111111
1373 1564 1455 1634 locis

288 1670 345 1738 ubi
356 1669 501 1738 Pictoris
517 1673 649 1737 tantum
664 1670 780 1737 laudat
792 1671 940 1752 annales,
958 1667 1222 1753 antiquissimum
1236 1670 1329 1738 illum
1345 1670 1455 1740 dicere

288 1776 482 1844 historicum
509 1796 613 1858 11111
640 1776 742 1845 alium
768 1777 945 1863 ignobilem
968 1782 1004 1844 et
1027 1776 1097 1844 iere
1120 1779 1293 1845 obscurum
1314 1777 1455 1847 Fabium

287 1883 465 1951 Pictorem.
512 1884 579 1953 Sed
602 1884 770 1954 videamus
794 1883 987 1952 testimonia
1009 1884 1092 1968 ipsa.
1138 1884 1240 1970 Apud
1263 1885 1455 1954 Ciceronem

287 1990 328 2058 de
363 1995 447 2059 orat.
482 1992 534 2076 II,
566 1998 621 2076 12,
650 1997 690 2056 51
729 1991 868 2076 legimus
906 1992 999 2059 haec.
1059 1991 1203 2078 „Atqni,
1243 2013 1285 2060 ne
1322 1996 1453 2062 nostros

286 2100 493 2183 contemnas,
519 2147 579 2164 ...
602 2145 609 2160 .
634 2097 758 2166 Craeci
781 2117 908 2181 111111
929 2097 995 2182 ipsi
1017 2099 1066 2167 sic
1088 2098 1184 2169 initio
1207 2100 1453 2184 scriptitarunt,

285 2208 325 2273 11
354 2191 468 2274 noster
498 2205 597 2273 Cato
628 2208 666 2272 11
693 2204 832 2272 Pictor
862 2211 900 2274 ut
930 2207 1032 2274 Piso.
1078 2207 1165 2294 Erat
1196 2207 1283 2275 enim
1313 2206 1455 2275 historia

285 2311 369 2379 nihil
395 2312 487 2379 alind
514 2312 580 2380 nisi
608 2312 775 2381 annalium
803 2312 976 2381 confectio.
1011 2359 1151 2380 .....
1174 2315 1275 2382 Hanc
1301 2315 1454 2383 similitu·

286 2419 395 2486 dinem
418 2418 584 2487 scribendi
606 2425 664 2500 (sc.
682 2421 793 2487 annal.
815 2423 914 2502 max.)
938 2420 1035 2488 multi
1057 2421 1164 2488 secuti
1188 2425 1275 2506 sunt,
1304 2423 1359 2506 qui
1382 2421 1454 2490 sine

285 2525 364 2595 ullis
401 2526 604 2595 ornamentis
641 2531 852 2595 monumenta
890 2530 994 2597 solnm
1032 2532 1231 2614 temporum,
1279 2529 1453 2612 hominum,

284 2632 428 2700 locorum
452 2637 686 2718 gestarumque
709 2635 1052 2719 1111111111111111.
1098 2635 1221 2719 111111
1241 2637 1349 2720 qualis
1366 2637 1454 2721 apud

286 2739 434 2810 Graecos
461 2741 685 2826 Pherecydes,
715 2742 926 2828 Hellanicus,
962 2741 1120 2811 Acusilas
1147 2741 1212 2811 fnit
1235 2743 1453 2828 1111111111-

284 2846 389 2933 multi,
412 2847 494 2915 talis
516 2853 631 2918 noster
654 2849 740 2918 Cato
764 2855 800 2918 11
822 2850 938 2918 Pictor
961 2854 997 2916 et
1019 2848 1108 2934 Piso,
1133 2850 1189 2933 qni
1209 2854 1453 2935 11111111111

284 2953 401 3036 quibus
431 2955 530 3024 rebus
561 2960 696 3026 ornetur
726 2958 833 3027 oratio
864 2959 950 3026 etc.“
997 2955 1095 3024 Unde
1126 2956 1256 3043 colligit
1282 2960 1394 3027 Peter.
1419 2979 1450 3042 p.

284 3062 465 3135 LXXVII
500 3062 622 3146 aliique
655 3065 823 3134 Pictorem
857 3085 879 3133 a
914 3063 1072 3133 Cicerone
1105 3063 1278 3134 laudatum
1311 3065 1452 3135 Latinos

284 3169 469 3238 condidisse
492 3171 646 3257 annales,
675 3191 748 3240 cum
771 3173 888 3242 Cicero
912 3171 1052 3241 Graecis
1075 3171 1289 3258 logographis
1312 3173 1452 3241 Latinos

283 3277 473 3363 opposuerit
496 3277 663 3346 annalium
678 3280 868 3365 scriptores,
893 3279 1054 3363 simulque
1072 3299 1132 3348 nos
1148 3279 1259 3349 doceri
1273 3279 1451 3364 Pictorem,

283 3403 378 3468 quem
402 3385 519 3455 Cicero
542 3391 785 3473 commemorat,
809 3391 925 3457 aetate
948 3387 1163 3471 posteriorem
1185 3386 1289 3454 fuisse
1312 3386 1450 3456 Catone.

282 3493 357 3559 Hoc
384 3511 462 3562 vero
486 3511 528 3560 ex
550 3492 621 3560 loco
644 3512 686 3561 ne
714 3495 890 3578 quidquam
918 3493 1087 3571 conficias,
1123 3494 1208 3577 quod
1235 3493 1279 3560 ad
1305 3493 1452 3580 linguam

283 3598 439 3682 pertinet.
487 3599 582 3686 Quod
608 3599 764 3670 iudicium
792 3601 907 3671 Cicero
935 3602 1002 3670 fert
1024 3621 1089 3669 non
1113 3601 1153 3667 de
1175 3600 1304 3686 lingna,
1329 3601 1389 3670 sed
1412 3600 1451 3668 de

283 3705 414 3774 ratione
431 3706 605 3775 historiam
620 3707 786 3775 scribendi
806 3729 890 3790 qnae
909 3709 992 3776 nihil
1016 3711 1090 3776 erat
1112 3706 1178 3776 nisi
1193 3708 1361 3776 annalium
1378 3727 1451 3776 con·

282 3812 392 3881 sectio.
433 3813 613 3898 Comparat
636 3815 741 3901 igitur
761 3816 851 3884 inter
873 3837 909 3884 se
932 3815 1177 3884 vetustissimos
1193 3815 1341 3885 Graecos
1362 3815 1450 3901 logo·

281 3922 426 4007 graphas
461 3924 497 3988 et
525 3923 747 3990 Romanorum
777 3924 945 3991 annalium
979 3924 1157 4008 scriptores
1192 3923 1450 4007 antiquissimos,

145 4051 147 4057 ’
282 4029 338 4111 111
360 4028 465 4096 forma
493 4030 528 4094 et
556 4030 635 4098 stilo
666 4029 826 4099 orationis
849 4029 938 4098 inter
964 4049 1001 4098 se
1029 4035 1126 4098 erant
1153 4030 1286 4098 similes.
1333 4029 1450 4098 Confe-

281 4139 400 4204 rnntnr
432 4135 522 4203 inter
556 4154 592 4204 se
627 4137 751 4207 Graeci
784 4143 820 4204 11
853 4138 1009 4218 Romani,
1048 4137 1104 4221 qni
1138 4137 1210 4205 sine
1248 4138 1450 4206 ornamentis

283 4242 444 4311 orationis
478 4249 689 4312 monumenta
724 4245 828 4313 solum
862 4249 1057 4328 temporum,
1092 4245 1271 4322 hominum,
1307 4246 1450 4312 locorum

281 4349 495 4431 reliquerunt,
519 4349 719 4419 brevitatem
742 4369 842 4419 unam
865 4369 939 4418 esse
957 4352 1088 4419 landem
1105 4352 1287 4419 credentes.
1323 4351 1449 4437 Pictor,

281 4453 413 4524 etiamsi
437 4454 567 4524 Craece
591 4457 775 4525 condiderit
806 4458 959 4541 annales,
990 4459 1200 4526 nihilominus
1227 4458 1450 4527 Romanorum

281 4565 356 4628 erat
379 4564 509 4647 auctor,
542 4579 637 4645 1111
661 4562 784 4646 optimo
806 4563 877 4632 iure
908 4582 980 4633 cum
1004 4563 1145 4635 Graecis
1173 4564 1342 4636 historicis
1365 4584 1450 4634 com·
