3410 5052
528 743 589 842 lle
621 743 666 840 L.
701 741 946 865 Calpurnio
979 743 1152 843 Pisone.

346 923 512 990 Matuatio
528 942 621 990 nemo
639 923 746 991 adhuc
762 924 848 1006 quod
863 925 966 992 seiam
987 924 1213 1009 adstipulatus
1233 928 1301 1008 est3
1324 925 1428 993 multo

211 1047 216 1060 ·
256 1030 403 1114 plmu‘bus
432 1029 602 1098 arridebat
631 1029 768 1099 Olasoni
795 1030 979 1116 sententia,
1008 1031 1064 1113 qui
1090 1031 1229 1115 primus,
1256 1031 1292 1100 ni
1318 1029 1426 1116 fallor,

257 1138 292 1204 in
314 1136 436 1205 Annal.
461 1137 675 1223 Heidelberg.
703 1145 787 1203 1872
810 1158 841 1221 p.
868 1145 929 1203 841
955 1157 1027 1221 sqq.
1064 1139 1252 1223 suspicatus
1281 1142 1347 1223 est,
1371 1139 1427 1206 Pi-

257 1244 346 1314 sonis
362 1244 501 1313 annales
517 1244 642 1312 Latine
653 1245 800 1328 ¹scriptos
816 1244 955 1312 Diodori
969 1245 1073 1314 fuisse
1087 1245 1278 1330 primarium
1293 1245 1426 1315 fontem.

258 1352 383 1420 Postea
404 1351 552 1438 Klimke,
576 1351 739 1418 Diodorus
762 1351 889 1418 aaut
911 1353 980 1418 oud
1000 1353 1050 1418 die
1071 1353 1221 1420 rtruiscdc
1242 1353 1428 1421 nauseet

262 1464 298 1525 et
323 1459 363 1525 L.
389 1457 480 1526 Oohn
502 1459 591 1526 Phil.
618 1461 736 1527 XLH.
763 1480 795 1543 p.
822 1466 838 1523 1
864 1479 934 1542 sqq.
958 1460 1095 1527 eandem
1109 1460 1332 1529 defendebant
1353 1481 1426 1529 sen·

255 1565 405 1633 tentiam.
440 1567 518 1634 Non
531 1566 632 1634 flocci
646 1566 734 1634 facio
749 1565 914 1649 permulta
929 1585 950 1633 a
966 1565 1108 1635 Olasono
1132 1567 1265 1651 eiusque
1288 1567 1426 1637 asseclis

254 1673 384 1756 prolata
414 1678 627 1759 argumenta,
652 1674 771 1758 quippe
794 1691 879 1756 quae
903 1677 974 1741 tam
996 1674 1126 1742 incerta
1150 1674 1219 1741 sint
1241 1679 1280 1743 ut
1303 1674 1426 1744 eisdem

254 1780 412 1848 adhibitis
441 1781 552 1849 causis
581 1800 647 1850 non
673 1781 843 1866 Pisonem,
872 1782 932 1849 sed
952 1781 1093 1850 Fabium
1121 1786 1181 1850 aut
1209 1782 1310 1851 alium
1338 1782 1425 1850 anti-

254 1887 399 1970 quiorem
422 1888 590 1955 annalium
614 1887 808 1972 scriptorem
831 1889 1013 1956 aDiodoro
1036 1908 1110 1957 esse
1132 1892 1328 1972 usurpatum
1350 1908 1425 1957 con·

253 1996 347 2063 tendi
375 1995 492 2080 possit.
539 1995 743 2065 Obseruauit
766 2015 793 2063 e.
818 2015 850 2080 g.
875 1994 977 2063 Oohn.
993 1996 1015 2062 1.
1039 1996 1061 2062 l.
1085 2017 1117 2079 p.
1145 2002 1184 2060 19
1208 2001 1365 2063 naturam
1388 2001 1424 2064 ιι

257 2102 408 2187 politica,
432 2107 470 2168 ut
485 2102 537 2169 ita
553 2103 669 2186 dicam,
695 2101 832 2170 consilia
856 2121 941 2185 quae
963 2103 998 2170 in
1020 2104 1118 2171 rebus
1133 2103 1293 2171 Romanis
1308 2123 1330 2170 a
1345 2103 1425 2171 Dio·

254 2210 332 2277 doro
356 2207 504 2276 narratis
527 2209 738 2294 perspexisse
761 2207 824 2276 sibi
846 2207 988 2292 videtur,
1012 2209 1187 2294 aptissima
1210 2228 1283 2277 esse
1298 2209 1423 2279 Pisoni.

255 2314 359 2402 Quem
375 2315 586 2400 optimatium
602 2333 722 2384 causae
746 2335 782 2384 se
806 2316 984 2400 addixisse,
1009 2321 1203 2385 acerrimum
1219 2316 1425 2386 drachonum

254 2422 357 2490 fuisse
387 2422 615 2490 adversarium
643 2427 678 2490 et
701 2423 788 2491 omni
809 2424 928 2493 virium
952 2424 1164 2492 contentione
1194 2443 1250 2492 eos
1273 2425 1424 2494 refellere

255 2549 329 2599 esse
353 2533 509 2598 conatum
531 2533 674 2598 constat.
713 2531 807 2617 Quae
831 2550 904 2599 cum
926 2531 977 2597 ita
1000 2531 1078 2616 sint,
1103 2531 1259 2599 credibile
1282 2551 1348 2600 non
1370 2537 1424 2601 est

252 2639 408 2706 Pisonem
435 2637 471 2704 in
493 2637 667 2706 annalibus
689 2641 864 2722 patronum
886 2637 1086 2722 plebeiorum
1109 2656 1282 2721 eorumque
1304 2641 1424 2707 tumul-

252 2751 344 2813 tuum
372 2745 538 2813 extitisse.
591 2744 698 2832 Quid?
747 2746 866 2814 Nonne
892 2746 979 2813 idem
1008 2746 1102 2814 valet
1132 2765 1160 2813 e.
1188 2765 1221 2830 g.
1250 2745 1291 2812 de
1317 2746 1423 2813 Fabio

253 2851 407 2920 Pictore?
452 2851 606 2920 Pisonem
634 2872 714 2921 vero
743 2853 936 2936 neutiquam
958 2852 1097 2921 infensis
1120 2856 1156 2918 et
1179 2851 1299 2919 odiosis
1323 2851 1423 2920 dictis

254 2957 455 3026 insectatum
475 2978 549 3028 esse
563 2960 710 3044 plebeios
726 2961 951 3046 cognoscimus
968 2980 986 3028 e
1001 2959 1189 3045 fragmento
1207 2965 1258 3044 27,
1275 2978 1296 3026 a
1312 2959 1423 3028 Gellio

254 3066 296 3133 N.
313 3065 356 3134 A.
379 3067 459 3143 VH,
477 3066 558 3153 (VI)
583 3073 601 3131 9
626 3071 762 3136 servato
786 3069 872 3151 quod
895 3068 938 3135 ad
961 3066 1022 3136 On.
1042 3067 1154 3136 Flavii
1177 3069 1312 3150 spectat
1334 3067 1423 3134 aedi·

254 3170 395 3238 litatem.
448 3171 519 3258 Quo
548 3192 621 3241 cum
648 3174 836 3260 fragmento
867 3175 952 3258 quod
981 3175 1024 3241 ad
1051 3159 1188 3243 uerbum
1218 3173 1425 3255 transposuit

255 3277 394 3364 Gallina,
418 3280 473 3348 vel
494 3280 530 3347 in
553 3281 664 3350 uerbis
689 3283 884 3365 quibusdam
906 3281 1022 3351 Livius
1038 3282 1159 3366 VlHI,
1181 3287 1232 3364 46,
1260 3285 1366 3344 1-10
1390 3281 1425 3346 et

253 3384 339 3452 Plin.
363 3406 394 3453 n.
419 3388 451 3452 h.
468 3388 652 3472 XXXHI,
677 3395 805 3454 17-19
829 3390 881 3456 ita
904 3387 1107 3472 conspirant,
1131 3393 1169 3456 ut
1185 3389 1341 3455 Peterum
1363 3385 1385 3451 l.
1402 3385 1424 3452 l.

252 3512 284 3575 p.
305 3497 364 3556 131
382 3497 517 3563 secutus
538 3499 574 3562 et
588 3494 721 3564 Livium
744 3501 780 3563 ιι
794 3495 939 3563 Plinium
954 3495 1087 3562 Pisonis
1109 3512 1256 3577 premere
1278 3492 1426 3578 uestigia

252 3603 375 3681 putem.
422 3600 638 3669 Oontendunt
666 3608 745 3673 'vero
773 3601 911 3669 Klimke
938 3622 968 3685 p.
996 3608 1036 3666 36
1062 3607 1097 3669 et
1120 3601 1212 3670 (tohu
1234 3600 1257 3666 l.
1280 3600 1303 3666 l.
1326 3621 1358 3685 p.
1385 3606 1425 3665 19

253 3725 293 3774 ιι
323 3726 407 3790 quae
435 3709 576 3776 tradunt
603 3709 768 3778 Diodorus
796 3710 887 3787 XX,
913 3716 954 3774 36
986 3714 1022 3776 ιι
1044 3707 1160 3777 Liuius
1182 3707 1302 3788 VHH,
1329 3714 1380 3788 29,
1407 3714 1425 3771 6

251 3832 321 3897 sqq.
348 3820 496 3893 33-343
527 3822 568 3880 46
592 3816 633 3883 de
657 3815 789 3883 Claudii
817 3835 958 3884 censura
986 3820 1022 3884 ιι
1048 3813 1160 3883 Flavii
1187 3814 1378 3899 aedilitate,
1407 3833 1426 3881 e

250 3921 374 3989 Pisone
404 3941 478 3990 esse
508 3923 670 3993 derivata.
719 3923 813 4009 Quae
835 3923 1016 3991 temeraria
1039 3925 1091 3988 est
1114 3921 1257 4004 suspicio
1281 3925 1317 3989 et
1340 3920 1427 3989 omni

252 4033 345 4096 caret
367 4028 593 4097 fundamento.
640 4030 862 4098 Inveniuntur
885 4031 971 4098 enim
993 4031 1082 4096 inter
1104 4027 1284 4097 Diodorum
1312 4034 1347 4096 et
1369 4029 1425 4097 Li-

251 4137 339 4204 vium
368 4136 615 4220 discrepantiae
642 4141 714 4204 tam
742 4139 922 4222 notabiles,
955 4141 993 4203 ut
1021 4135 1061 4201 de
1085 4136 1246 4203 communi
1268 4135 1362 4204 fonte
1384 4156 1426 4205 ne

252 4243 403 4328 cogitare
427 4243 557 4325 quidem
579 4244 692 4311 liceat.
727 4245 768 4311 ll.
792 4265 822 4331 g.
847 4245 974 4330 cossega
990 4241 1123 4310 Olaudii
1145 4242 1232 4326 apud
1245 4241 1425 4310 Diodorum

251 4351 347 4418 audit
373 4351 520 4418 Lucius
548 4351 718 4429 Plautius,
751 4353 786 4419 in
814 4350 914 4418 fastis
942 4369 1020 4419 vero
1050 4349 1248 4434 Capitolinis
1276 4355 1311 4418 ιι
1338 4349 1426 4433 apud

252 4458 386 4527 Livium
410 4457 529 4527 (laius
544 4458 699 4526 Plautius
723 4459 804 4544 (IX,
823 4465 874 4537 29,
893 4464 927 4541 6;
952 4463 1004 4540 33,
1022 4464 1055 4541 4;
1083 4458 1218 4544 34,16).
1242 4458 1425 4526 Praeterea

257 4564 424 4632 Diodorus
447 4583 488 4632 ne
511 4566 611 4635 uerbo
635 4565 764 4647 quidem
788 4569 1019 4632 commemorat
1042 4584 1096 4641 ea,
1128 4582 1212 4646 quae
1241 4569 1425 4636 novaverat
