3366 5052
743 329 786 344 ...
833 297 872 358 69
921 331 960 345 ..

662 480 690 539 o.
715 472 771 540 11.
796 473 961 553 1111.
991 451 1040 538 'ru

270 617 272 624 ⁴
354 595 401 662 ὅτι
416 605 589 675 Πομπίλιος
604 596 622 662 ὃ
637 595 802 675 Ῥωμαίων
816 595 960 682 βασιλεὺς
975 599 1078 662 πάντα
1093 598 1149 663 τὸν
1165 607 1224 663 τοῦ
1240 605 1296 680 ζῆν
1317 602 1438 682 χρόνον

264 703 299 770 ἐν
321 703 425 788 εἰρήνῃ
449 707 612 770 διετέλεσεν
629 755 635 768 .
654 707 783 786 Λέγουσι
807 707 840 769 ds'
863 729 941 781 τινες
964 703 1121 786 ἀκουστὴν
1144 705 1313 786 γενόμενον
1328 715 1437 772 Πυθα-

265 813 365 894 γόρου
385 814 448 894 παῤ
464 814 582 876 ἐκείνου
597 819 704 891 λαβεῖν
719 813 759 876 τά
770 837 804 877 τε
820 819 889 894 περὶ
904 814 990 878 θεῶν
1005 813 1246 896 νομοθετήματα
1266 819 1317 878 καὶ
1335 813 1437 878 πολλὰ

266 921 454 1002 διδαχθῆναι
469 924 501 985 dl
513 911 561 985 ὧν
575 919 723 1000 ἐπιφανὴς
738 917 816 1001 ἀνὴρ
832 921 952 998 ἐγένετο
968 925 1018 983 καὶ
1037 920 1181 997 βασιλεὺς
1195 922 1316 1000 ἐγένετο
1332 922 1436 998 μετά-

263 1050 433 1105 πεμπτος
455 1025 536 1113 (Oia.
561 1027 641 1094 dr.
665 1047 697 1110 p.
721 1028 761 1094 H
787 1033 836 1113 13,
862 1033 902 1092 25
927 1026 1179 1116 alienigena).
1227 1086 1229 1089 .

251 1179 253 1183 ·
352 1151 581 1236 Pythagoram
616 1151 760 1220 Samium
794 1153 924 1219 Numae
958 1152 1120 1237 Pompilio
1158 1153 1230 1238 regi
1268 1158 1436 1223 auctorem

265 1257 435 1326 doctrinae
464 1265 499 1326 11
527 1258 713 1342 sapientiae
736 1257 855 1344 fuisse,
878 1259 946 1326 iam
969 1259 1210 1342 antiquissimis
1232 1260 1434 1344 temporibus

264 1364 439 1432 commenti
455 1385 528 1433 esse
546 1366 702 1444 videntur
719 1371 871 1434 auctores
892 1367 1023 1449 quidam
1040 1367 1199 1450 historici,
1218 1386 1269 1452 eg.
1282 1366 1399 1437 Livius
1415 1369 1436 1436 I

266 1479 317 1557 18,
347 1472 527 1556 Dionysius
550 1474 590 1540 H
614 1479 665 1556 59,
697 1472 898 1540 Plutarchus
926 1472 961 1540 in
983 1473 1113 1542 Numae
1135 1474 1210 1542 vita
1235 1481 1268 1553 1;
1282 1473 1341 1541 alii
1363 1495 1434 1558 per-

264 1579 360 1650 multi
384 1585 637 1647 commemorant
661 1585 696 1647 et
719 1579 957 1664 chronologicis
981 1579 1090 1648 causis
1113 1581 1318 1666 redarguunt
1348 1582 1434 1648 hano

264 1687 421 1754 fabulam·
451 1687 615 1754 Diodorus
638 1708 711 1754 111111
733 1687 825 1754 dicat
847 1689 995 1766 ,λέγουσι
1018 1690 1051 1752 δέ
1067 1712 1145 1764 τινες
1168 1685 1324 1770 ἀκουστὴν
1347 1688 1434 1766 γενό-

264 1817 361 1871 μενον
376 1794 572 1875 Πυθαγόρου
588 1803 668 1858 κτα“
683 1797 769 1862 hanc
784 1795 1215 1878 111111111111111111
1231 1797 1290 1862 111
1302 1795 1434 1863 aliunde

264 1903 454 1985 decerptam
469 1901 624 1985 primario
640 1901 698 1970 suo
714 1902 928 1970 immiscuisse
948 1901 1043 1986 fonti,
1067 1908 1127 1969 aut
1150 1902 1217 1968 iam
1240 1902 1435 1970 dubitanter

261 2009 427 2093 prolatam
461 2008 623 2092 reperisse
645 2009 679 2075 in
704 2009 849 2075 auctoris
874 2027 971 2092 opere
995 2029 1016 2075 a
1039 2028 1076 2075 se
1103 2012 1272 2091 usurpato.
1325 2008 1433 2096 Quam

262 2117 410 2186 fabulam
433 2115 500 2183 iam
523 2115 670 2198 antiquis
693 2116 894 2200 temporibus
917 2115 1031 2182 fictam
1046 2116 1209 2200 vulgoque
1233 2134 1306 2183 esse
1330 2117 1433 2183 credi-

262 2228 333 2290 tam
358 2222 512 2290 discimus
541 2222 652 2290 1011.
678 2223 707 2289 d.
738 2244 765 2289 r.
797 2244 827 2308 p.
852 2224 891 2290 II
915 2229 967 2307 28,
990 2221 1048 2289 ubi
1071 2220 1255 2304 Scipionem
1279 2222 1327 2290 sic
1350 2222 1434 2290 iacit

262 2331 438 2398 dicentem:
489 2348 609 2412 „saepe
640 2330 726 2396 enim
756 2333 817 2397 hoc
848 2331 889 2398 de
919 2329 1096 2397 maioribus
1132 2336 1215 2398 natu
1250 2328 1432 2399 audivimus

262 2444 296 2508 et
319 2439 370 2504 ita
394 2436 617 2522 intellegimus
640 2437 739 2522 vulgo
756 2437 941 2504 existimari
961 2449 1065 2520 neque
1085 2457 1164 2503 vero
1180 2438 1266 2505 satis
1281 2437 1315 2504 id
1331 2457 1432 2505 anna·

260 2545 339 2640 lium
361 2543 564 2628 publicorum
595 2544 813 2625 auctoritate,
850 2544 1055 2612 declaratum
1082 2544 1249 2612 11111111ιι
1276 2550 1311 2612 11
1333 2545 1432 2628 paulo

260 2651 361 2721 infra:
397 2651 461 2736 „Di
492 2651 706 2730 immortales,
739 2651 846 2733 inquit
870 2651 1026 2719 Manilius
1058 2656 1200 2735 quantus
1230 2652 1297 2719 iste
1320 2655 1373 2719 est
1397 2657 1432 2719 11

260 2760 468 2828 inveteratus
499 2762 620 2826 error.“
669 2759 750 2828 Oum
774 2759 890 2828 Oicero
919 2780 1046 2843 semper
1075 2759 1277 2841 temporibus
1302 2764 1432 2843 11111-

261 2867 356 2962 sonis,
375 2868 430 2948 qui
453 2868 602 2952 dialogos
625 2867 807 2935 instituunt
830 2869 933 2936 verba
957 2887 1017 2935 sua
1041 2865 1286 2934 accommodare
1311 2854 1430 2950 soleat,

263 2973 306 3043 ad
330 2973 517 3058 Scipionum
544 2994 737 3042 revocamur
759 2980 919 3058 tempora.
967 2976 1060 3063 Quae
1084 2991 1156 3056 cum
1179 2973 1229 3040 ita
1253 2972 1334 3058 sint,
1366 2993 1432 3058 non

260 3101 376 3152 vereor
405 3081 604 3164 adstipulari
630 3083 831 3150 Mommseno
854 3084 895 3150 R.
913 3083 951 3150 F.
968 3084 1007 3150 II
1033 3103 1064 3167 p.
1091 3088 1165 3158 270,
1192 3085 1268 3149 1111
1290 3079 1431 3148 Fabium

259 3189 376 3257 miram
398 3190 485 3256 hanc
508 3187 673 3272 fabulam,
698 3189 728 3257 si
749 3189 784 3256 in
808 3189 981 3257 annalibus
1004 3189 1202 3273 prodiderit,
1225 3206 1290 3255 non
1313 3186 1431 3254 critica

262 3297 469 3364 examinasse
492 3293 678 3382 rationefl).
722 3295 848 3364 Contra
871 3297 913 3364 R.
936 3298 971 3364 J.
997 3294 1160 3364 Schubert
1182 3296 1284 3378 111.
1299 3301 1340 3358 42
1364 3295 1432 3361 iam

259 3402 442 3488 Polybium,
467 3403 636 3471 Ciceronis
656 3402 791 3487 iontem,
816 3424 856 3471 ea
877 3405 912 3471 in
927 3404 1140 3472 historiarum
1155 3403 1232 3469 libri
1247 3403 1300 3472 VI
1321 3407 1431 3486 parte,

258 3530 343 3592 quae
362 3510 463 3595 periit
479 3516 661 3595 temporum
676 3511 864 3595 iniquitate,
889 3515 1042 3579 auctores
1058 3512 1200 3579 Numam
1215 3509 1431 3594 Pythagorae

258 3616 453 3701 discipulum
480 3603 581 3687 fuisse
609 3603 859 3702 comprobantes
888 3618 1074 3705 castigasse
1098 3621 1192 3688 recte
1227 3617 1431 3684 demonstra-

256 3723 317 3794 vit.
376 3723 515 3809 Apertis
557 3725 666 3795 verbis
708 3725 867 3810 Polybius
909 3727 1065 3795 laudatur
1105 3726 1145 3792 H
1186 3731 1241 3809 14,
1284 3730 1335 3808 27,
1375 3724 1432 3791 ubi

257 3851 363 3899 sermo
381 3836 433 3898 est
457 3833 497 3899 de
516 3853 618 3919 regno
633 3832 802 3917 Pompilii3
828 3832 912 3900 adde
936 3853 976 3900 11
993 3830 1162 3900 Ciceronis
1184 3834 1288 3901 verba
1307 3838 1356 3915 15,
1377 3838 1429 3916 28,

256 3955 341 4021 quae
357 3939 529 4024 sagaciter
552 3945 724 4025 comparat
741 3939 905 4008 Schubent
920 3942 942 4006 l.
956 3940 982 4005 l.
998 3957 1071 4006 cum
1086 3938 1229 4007 11111111
1244 3938 1429 4022 Polybiane

349 4184 385 4256 74)
406 4183 493 4252 Quam
506 4185 629 4242 fabulam
642 4187 723 4242 Fabii
735 4187 846 4258 ingenio
860 4203 922 4244 esse
935 4186 1078 4258 indignam
1090 4203 1145 4243 non
1157 4193 1202 4243 est
1215 4203 1263 4242 cur
1276 4185 1429 4242 credamus.

257 4273 324 4328 (lum
339 4274 446 4329 Graeca
458 4273 506 4330 ille
519 4291 586 4330 usus
599 4275 637 4331 sit
654 4275 759 4346 lingua,
779 4276 861 4332 facile
880 4281 974 4346 potest
993 4275 1113 4346 cogitari
1132 4274 1257 4330 consulto
1277 4291 1339 4330 cnm
1357 4273 1429 4329 tales

258 4361 446 4432 investigasse
466 4362 576 4419 fabulas
595 4364 693 4433 quibus
712 4365 894 4420 communitas
913 4365 1047 4434 quaedam
1062 4370 1092 4422 11
1105 4367 1273 4420 Graecorum
1287 4368 1317 4418 et
1328 4363 1429 4418 Roma·

254 4465 353 4506 norum
380 4467 487 4508 morum
515 4452 761 4522 institutorumque
790 4460 1013 4524 cognosceretur.
1056 4453 1170 4510 Fabium
1194 4451 1429 4521 achronologicis

256 4539 398 4596 erroribus
417 4542 580 4611 neutiquam
603 4543 656 4601 sibi
675 4544 782 4603 cavisse
802 4542 914 4607 disertis
932 4543 1024 4604 verbis
1043 4547 1166 4599 testatur
1177 4540 1328 4620 Dionysius
1337 4541 1376 4600 IV
1386 4541 1428 4603 30.

1286 4936 1424 5022 A
