3410 5052
775 295 996 353 ..34-

303 484 375 532 oum
386 466 437 533 ita
450 467 528 549 sint,
541 487 605 534 non
618 467 772 534 credibile
784 471 847 549 ast,
861 468 998 535 eundem
1010 466 1168 533 Latinum
1180 484 1361 532 sermonem
1375 484 1470 548 quem

302 577 405 640 antea
424 579 598 657 spreverat
614 574 727 657 paucis
744 579 877 641 tautum
894 574 990 641 annis
1005 577 1082 656 post
1097 573 1148 639 ita
1170 576 1334 640 mutatum
1357 577 1392 640 et
1415 593 1470 640 ox·

300 681 425 750 cultum
439 680 542 748 fuisse
571 686 609 748 ut
635 681 670 748 in
700 700 773 748 eam
799 682 945 766 linguam
972 680 1110 749 annales
1132 683 1264 748 uertere
1289 700 1355 748 non
1381 679 1470 747 dubi·

299 793 401 857 taret.
425 788 482 877 (of.
494 789 607 870 Pater,
617 788 662 854 Η.
672 788 714 853 R.
724 788 765 855 R.
774 809 806 871 p.
818 788 1004 874 LXXVI).
1029 785 1469 855 Addendaesuntaliaead·

298 895 624 981 hucfereneglectae
636 894 814 978 causaest).
827 894 958 963 Namin
966 913 1100 962 numero
1108 893 1469 980 fragmentorum,quae

297 1002 409 1072 Peter.
426 1003 449 1070 l.
465 1003 487 1069 l.
504 1003 639 1070 Latinis
655 1002 800 1070 Pictoris
824 1002 978 1088 assignat
1002 1000 1187 1086 annalibus,
1210 1002 1368 1070 nonnulla
1390 1006 1469 1069 sunt

297 1128 382 1192 quae
397 1117 585 1197 repugnant
597 1111 645 1178 eis
657 1129 741 1192 quae
749 1109 889 1177 Fabium
900 1109 934 1177 in
950 1108 1090 1178 Graecis
1103 1108 1278 1175 annalibus
1289 1127 1466 1177 enarrasse

295 1217 425 1286 scimus.
486 1218 653 1286 Discimus
690 1217 831 1285 Fabium
857 1236 879 1284 a
902 1215 1019 1284 Servio
1056 1216 1100 1283 ad
1124 1216 1225 1300 Verg.
1254 1214 1340 1284 Aen.
1364 1217 1465 1301 VIH,

297 1329 360 1389 630
395 1325 449 1405 (fr.
478 1326 524 1410 4.)
557 1325 731 1392 laudatum
766 1322 946 1391 tradidisse
980 1323 1154 1390 Romulum
1188 1326 1224 1390 et
1257 1323 1396 1390 Remum
1430 1324 1465 1392 in

294 1431 416 1499 Martis
450 1432 608 1516 spelunca
642 1432 734 1499 lacte
766 1430 865 1515 lupae
901 1447 975 1498 asso
998 1428 1151 1507 nutritos,
1188 1448 1260 1496 cum
1282 1429 1464 1514 Dionysius

292 1538 322 1623 Ι,
349 1546 389 1604 79
414 1539 470 1621 qui
492 1539 639 1606 Pictoris
662 1538 803 1606 Graecis
833 1537 1008 1604 annalibus
1034 1536 1190 1620 primario
1213 1555 1291 1605 usus
1315 1557 1389 1605 esse
1411 1540 1463 1607 vi-

293 1644 408 1714 datur
423 1645 525 1730 fonte,
539 1645 696 1732 (loquitur
711 1645 797 1713 enim
812 1644 853 1711 de
864 1642 1011 1711 fontibus
1024 1663 1044 1710 a
1057 1663 1093 1711 se
1102 1644 1261 1711 adhibitis
1273 1646 1302 1728 1,
1317 1651 1334 1709 7
1338 1652 1357 1711 9
1369 1651 1462 1728 „usqi

293 1757 326 1817 ol
348 1761 415 1818 τῶν
438 1755 472 1817 ἐκ
493 1757 548 1834 τῆς
569 1751 657 1829 Ἰλίας
679 1754 856 1833 γενομένων
873 1752 1005 1826 Κόιντος
1025 1755 1083 1828 μὲν
1109 1751 1247 1828 Φάβιος
1269 1749 1287 1815 ὁ
1311 1759 1461 1835 Πίκτωρ

291 1861 458 1938 λεγόμενος
485 1865 511 1946 qi
539 1861 668 1937 Λεύκιός
698 1884 729 1924 τε
753 1866 877 1938 Κίγκιος
902 1865 952 1923 καὶ
981 1859 1095 1922 Κάτων
1116 1858 1253 1940 Πόρκιος
1282 1865 1331 1922 καὶ
1354 1866 1461 1925 Πίσων

295 1969 515 2050 Καλπούρνιος
542 1974 591 2032 καὶ
619 1970 685 2032 τῶν
709 1963 821 2031 ἄλλων
849 1969 1057 2050 συγγραφέων
1083 1969 1113 2028 οἱ
1135 1969 1286 2041 πλείους
1307 1965 1461 2047 ἠκολού-

289 2082 434 2157 θησαν(
456 2076 496 2142 de
518 2076 623 2142 Panis
646 2075 737 2142 dicat
761 2072 909 2161 saltur).

378 2185 562 2251 Praeterea
584 2181 770 2250 rectissime
793 2182 861 2248 iam
892 2179 1082 2249 observavit
1114 2180 1264 2248 Niebuhr
1290 2181 1325 2249 in
1347 2184 1393 2250 Η.
1417 2185 1458 2250 R.

288 2291 336 2366 Π,
363 2294 484 2372 630f31
519 2289 780 2374 chronologicam
809 2288 1068 2372 adnotationem,
1104 2307 1201 2371 quam
1224 2288 1296 2356 edit
1330 2289 1459 2358 Gellius

287 2395 392 2464 NA.
410 2398 451 2480 V,
470 2403 537 2480 4,3
571 2395 684 2480 (Fabii
706 2397 784 2464 Lat.
809 2395 933 2464 Annal.
958 2393 998 2461 fr.
1025 2402 1043 2458 6
1067 2395 1109 2478 P)
1137 2396 1269 2464 minime
1297 2398 1459 2479 quadrare

288 2504 332 2571 ad
355 2504 520 2571 rationem
543 2504 806 2589 chronologicam
830 2519 927 2585 quam
942 2506 1077 2569 secutus
1091 2507 1144 2570 est
1159 2504 1284 2571 Fabius
1300 2505 1335 2572 in
1352 2503 1457 2573 Grae-

287 2611 335 2678 cis
366 2611 541 2678 annalibus
574 2610 628 2693 (cf.
652 2613 834 2679 Mommsen
864 2611 906 2677 R.
930 2610 969 2677 F.
993 2610 1033 2677 Π
1057 2616 1119 2674 378
1149 2610 1224 2676 adn.
1252 2612 1339 2696 127.)
1392 2614 1457 2682 His

286 2737 414 2801 quoque
439 2717 672 2801 discrepantiis
695 2719 948 2800 haudquaquam
972 2735 1082 2783 eorum
1109 2717 1357 2786 commendatur
1385 2738 1456 2787 sen·

284 2824 395 2891 tentia
429 2825 484 2907 qui
520 2825 660 2893 Fabium
690 2826 857 2893 Pictorem
887 2821 1040 2909 ipsum⁴³l
1072 2824 1211 2891 annales
1240 2823 1275 2891 in
1297 2825 1456 2895 Latinam

284 2930 431 3015 linguam
459 2933 675 3002 transtulisse
706 2933 876 3001 censeant.
929 2930 1153 2999 Nihilosecius
1185 2932 1322 2999 eandem
1353 2954 1456 3017 nuper

284 3037 434 3104 defendit
465 3041 667 3108 sententiam
693 3038 874 3124 Holuapiel
903 3037 939 3105 in
969 3037 1046 3106 Chr.
1077 3039 1172 3106 Rom.
1203 3058 1236 3124 p.
1269 3046 1454 3106 aar-352.

282 3144 391 3212 Nimis
402 3150 517 3212 tamen
529 3148 616 3215 enim
637 3148 758 3232 premit
781 3145 950 3215 Ciceronis
972 3147 1075 3214 verba
1099 3147 1139 3213 de
1162 3146 1262 3215 divin.
1286 3148 1315 3233 Ι,
1337 3154 1389 3232 21,
1411 3155 1453 3214 43

286 3251 390 3334 „quod
412 3253 562 3321 nimirum
578 3255 613 3323 in
627 3256 727 3324 rabir
743 3253 910 3324 Graecis
934 3251 1138 3320 annalibus.“
1170 3255 1266 3322 Unde
1288 3255 1453 3322 concludit

282 3359 335 3429 vir
357 3361 568 3430 doctissimus
585 3362 728 3431 Latinos
745 3379 871 3444 quoque
894 3360 1034 3428 annales
1058 3361 1101 3427 ab
1124 3362 1237 3429 eodem
1260 3362 1365 3429 Fabio
1381 3379 1453 3428 eon·

284 3467 426 3551 scriptos
449 3473 547 3537 notos
563 3469 666 3537 fuisse
683 3468 848 3550 Oiceroni3
874 3467 925 3534 sin
942 3467 1051 3552 aliter,
1070 3467 1262 3535 Ciceronem
1278 3468 1452 3552 scripsisse

285 3574 393 3658 „apud
416 3575 554 3644 Fabium
578 3576 635 3658 qui
663 3575 812 3645 Graecos
844 3575 983 3644 annales
1011 3575 1175 3658 scripsit.“
1225 3576 1332 3662 Quam
1355 3594 1451 3662 argu·

372 3804 408 3875 41)
427 3805 497 3861 Sunt
515 3807 562 3876 qui
581 3807 727 3878 opinentur
745 3806 860 3863 Fabium
878 3807 907 3861 in
926 3807 1092 3862 Graecorum
1110 3821 1190 3861 usum
1209 3807 1360 3878 scripsisse.
1380 3825 1404 3864 e.
1423 3825 1450 3879 g.

279 3893 402 3950 Niebuhr
426 3895 460 3951 H.
479 3895 512 3951 R.
531 3896 570 3967 Π,
589 3916 615 3968 p.
635 3901 660 3955 9.
698 3895 773 3963 Quos
796 3902 872 3952 recte
900 3903 933 3950 ut
956 3900 1023 3965 puto
1041 3895 1127 3952 Peter
1148 3895 1286 3952 refutavit
1312 3897 1347 3952 H.
1366 3897 1398 3954 R.
1417 3896 1451 3954 R.

278 3998 305 4053 p.
324 3983 431 4041 LXXV.

369 4089 407 4163 ⁴¹)
427 4092 492 4148 Sero
518 4091 575 4148 vidi
600 4093 753 4151 Soltavium
782 4107 869 4162 nuper
896 4091 924 4146 in
952 4092 977 4148 J.
1006 4091 1032 4148 J.
1053 4091 1122 4147 1886
1148 4107 1174 4161 p.
1203 4091 1319 4161 4791480
1345 4091 1388 4147 his
1417 4091 1451 4148 de

280 4176 479 4249 discrepantiia
498 4181 562 4238 fuse
581 4182 680 4254 egisse.
718 4181 855 4239 Nonnulla
873 4187 950 4237 recte
968 4180 1040 4236 vidit
1059 4179 1102 4235 vir
1121 4178 1226 4250 doctus,
1245 4180 1274 4237 iu
1286 4180 1350 4237 aliis
1362 4181 1450 4238 falsus

278 4272 329 4324 est.
340 4267 371 4324 Ε.
386 4285 412 4339 g.
424 4269 472 4326 vix
482 4269 625 4340 quisquam
638 4269 826 4342 comprobabit
839 4286 872 4326 ea
886 4286 957 4339 quae
969 4270 1004 4328 de
1015 4269 1077 4340 pico
1090 4270 1191 4326 hiando
1211 4270 1287 4342 (rat.
1301 4270 1365 4328 Lat.
1379 4272 1449 4328 hun.

277 4356 312 4414 fr.
332 4359 362 4430 3)
381 4364 411 4414 et
430 4359 464 4416 de
482 4359 584 4416 Amata
603 4360 649 4429 (ir.
669 4362 697 4432 1)
716 4360 850 4431 disputat.

367 4462 404 4536 ⁴⁸)
423 4465 480 4521 Eos
499 4466 546 4534 qui
564 4466 634 4520 hana
652 4467 770 4535 amplexi
798 4472 863 4523 sunt
887 4466 1055 4522 sententiam
1085 4467 1183 4522 laudat
1207 4465 1292 4521 Peter
1309 4467 1343 4523 Η,
1363 4465 1396 4522 R.
1415 4467 1448 4522 R.

276 4568 302 4623 p.
321 4552 444 4611 LXXVI.
