3366 5052
755 306 974 364 ..46-

283 479 394 545 dorum
427 478 461 546 in
485 479 577 546 libris
601 479 817 545 XIX-XX
840 477 998 544 Duridem
1021 477 1055 544 in
1084 496 1176 544 usum
1200 496 1292 544 suum
1317 471 1451 546 couver-

283 585 382 664 tisse;
399 585 433 651 id
449 590 581 652 tantum
598 586 752 652 discimus
764 585 923 651 Duridem
934 604 1042 651 rerum
1057 587 1281 653 Romanarum
1292 605 1356 652 non
1368 587 1452 652 hene

283 711 422 776 gnarum
453 692 573 776 fuisse⁷
605 712 681 760 nam
713 693 798 775 apud
829 691 961 760 Livium
984 693 1036 775 X,
1062 699 1113 768 29,
1141 699 1179 757 17
1213 693 1359 760 traditur
1388 712 1452 759 me-

282 798 416 882 moriae,
429 799 465 865 in
476 819 587 884 pugna
600 799 687 882 apud
699 799 872 868 Sentinum
885 799 1057 866 commissa
1070 799 1219 883 viginti
1231 805 1266 867 et
1282 801 1452 882 quinque

282 908 415 973 tantum
438 905 531 974 milia
554 906 698 974 hostium
720 905 927 983 interiectos
952 909 1026 972 octo
1049 906 1140 974 miha
1165 925 1237 974 esse
1261 912 1387 990 captos.

760 1195 971 1202 -.-.---——--

721 1422 783 1520 Do
817 1420 1011 1520 Castore.

371 1602 493 1672 Omnes
517 1606 646 1669 ceteros
674 1601 843 1670 breviores
873 1599 1123 1668 commentarios
1151 1600 1326 1669 historicos
1354 1603 1453 1669 attri-

281 1709 354 1777 buit
376 1711 587 1776 Bornemann
609 1729 640 1791 p.
667 1713 707 1771 22
732 1707 868 1776 Castori
891 1709 1149 1794 chronographo.
1193 1709 1317 1777 Festos
1340 1709 1454 1792 ahqua

282 1837 323 1885 ex
345 1822 442 1900 parte
466 1835 484 1882 1
505 1814 645 1883 Castore
670 1833 743 1883 esse
768 1820 942 1899 excerptos
966 1816 1032 1883 iam
1055 1816 1205 1894 vidimus
1231 1816 1270 1883 de
1294 1836 1454 1884 commen-

279 1924 379 1992 tariis
402 1922 570 1990 historicis
594 1921 698 1991 valde
723 1922 850 2000 dubit0;
875 1941 952 1990 nam
974 1923 1176 1992 brevitatem
1207 1930 1242 1990 et
1265 1923 1455 1991 siccitatem

282 2030 583 2114 antiquissimorum
617 2029 783 2096 annalium
805 2029 908 2096 fuisse
931 2031 1081 2115 proprias
1108 2031 1176 2098 iam
1197 2029 1379 2098 identidem
1402 2031 1455 2098 do·

283 2139 419 2206 cuimus.
467 2136 533 2212 Sed
555 2137 633 2205 novi
656 2135 782 2217 ahquid
804 2137 997 2206 enucleasse
1028 2139 1093 2206 sihi
1122 2139 1214 2207 visus
1245 2149 1296 2206 est
1317 2139 1375 2205 ille
1403 2138 1456 2206 vir

282 2247 408 2315 doctus.
449 2244 659 2326 comparatis
683 2242 769 2310 enim
791 2242 880 2310 inter
903 2264 940 2312 se
963 2245 1130 2314 nonnulhs
1154 2245 1291 2313 Diodori
1314 2249 1349 2312 et
1364 2243 1457 2313 Livii

280 2353 364 2420 locis
389 2351 556 2419 concludit
579 2351 682 2418 etiam
706 2350 838 2418 Livium
865 2351 1029 2436 inprime
1054 2353 1178 2420 decade
1205 2353 1236 2424 si
1261 2371 1326 2420 non
1350 2371 1367 2418 e
1392 2352 1457 2419 Oa-

283 2463 374 2527 store
396 2459 468 2542 ipso
492 2462 644 2525 attamen
667 2477 709 2524 ex
732 2462 867 2525 auctore
891 2460 1002 2526 nescio
1026 2479 1089 2542 quo
1113 2461 1168 2543 qui
1191 2459 1337 2544 uestigia
1366 2459 1458 2526 illius

283 2564 522 2651 chronographi
556 2565 716 2648 presserit
738 2565 900 2634 hausisse.
948 2565 1030 2634 Oum
1058 2567 1181 2635 Castor
1208 2567 1344 2635 tabulas
1378 2585 1458 2634 suas

284 2674 535 2760 chronologicas
565 2672 735 2755 usquead
764 2691 884 2740 annum
914 2681 976 2739 693
1002 2675 1185 2753 deduxerit,
1214 2673 1459 2757 1111111111-

284 2800 372 2848 mam
395 2780 551 2847 decadem
575 2784 656 2846 ante
682 2785 744 2844 734
761 2781 922 2864 scriptam
936 2780 1040 2848 fuisse
1064 2784 1205 2864 constet,
1230 2781 1459 2849 difficillimum

287 2893 341 2954 est
364 2887 465 2966 dictu,
490 2906 585 2969 quem
609 2892 777 2953 auctorem
800 2886 836 2953 in
856 2907 950 2954 usum
974 2906 1066 2954 suum
1090 2889 1294 2957 converterit
1318 2889 1458 2957 Patavi-

283 2991 403 3080 nus.⁵⁴)
438 2993 504 3061 Sed
527 2994 690 3060 accedunt
712 2993 805 3059 ahae
829 3012 960 3061 causae.
1001 2995 1175 3063 Castorem
1200 3015 1271 3064 oum
1288 3016 1348 3064 1111
1362 2995 1458 3062 libris

284 3100 424 3167 omnium
448 3101 636 3183 populorum
664 3105 816 3181 tempora
846 3102 1032 3185 complexus
1060 3103 1189 3188 fuisset,
1219 3108 1291 3171 tam
1313 3103 1386 3169 fuse
1416 3102 1459 3168 de

284 3206 449 3275 Postumii
471 3207 635 3290 triumpho
652 3207 761 3292 egisse
778 3227 876 3290 quam
890 3209 1071 3278 Diodorum
1087 3213 1165 3279 XH
1182 3219 1224 3276 64
1241 3211 1296 3297 (of.
1312 3211 1389 3280 XII
1403 3215 1458 3290 80)

283 3335 400 3398 purum
423 3321 681 3382 consentaneum
704 3321 767 3382 est.

374 3422 525 3507 Longum
536 3421 641 3506 igitur
652 3421 899 3492 dissertationis
911 3425 1055 3507 spatium
1067 3425 1136 3492 iam
1148 3424 1281 3508 emensi⁷
1294 3443 1352 3508 pro
1364 3429 1459 3492 certo

285 3534 437 3596 statuere
464 3547 635 3613 possumus
658 3530 756 3596 haec:
787 3529 950 3616 Cincium,
973 3532 1141 3616 Pisonem,
1167 3532 1354 3614 Claudium,
1379 3531 1459 3598 Fla·

284 3637 382 3720 vium,
400 3637 579 3721 Timaeum,
595 3636 754 3703 Duridem
767 3639 944 3706 aDiodoro
960 3659 1025 3707 nou
1041 3659 1115 3708 esse
1130 3643 1318 3722 usurpatos.
1350 3638 1460 3706 Caute

284 3761 363 3812 vero
391 3745 552 3827 suspicati
581 3761 691 3811 sumus
715 3745 883 3814 annalium
906 3746 1101 3830 scriptorem
1125 3745 1247 3813 abillo
1272 3745 1460 3813 adhibitum

285 3851 503 3934 antiquiorem
525 3851 628 3919 fuisse
650 3850 773 3918 Pisone
799 3852 840 3920 cf.
865 3874 896 3936 p.
923 3859 972 3919 32.

375 4064 411 4135 54)
430 4063 542 4120 Liviani
559 4063 614 4120 loci
632 4068 697 4120 sunt
715 4063 851 4132 reliquiae
870 4064 1001 4134 antiquae
1021 4069 1051 4120 et
1069 4064 1194 4122 sincerae
1213 4065 1369 4122 memoriae.

766 4337 977 4345 ——--———-
