3366 5052
676 267 895 327 ..49-

204 443 240 505 ut
263 437 343 504 milri
365 438 509 521 videtur,
534 439 722 508 enucleavit
744 441 926 508 Mommsen
948 443 990 508 R.
1014 443 1053 509 F.
1077 443 1116 510 H
1137 463 1168 528 p.
1194 450 1367 512 aot-305

205 549 238 611 et
260 545 337 612 adn.
365 553 415 610 15.

289 653 360 720 HI.
384 653 536 736 Accedit,
560 654 646 737 quod
669 653 771 721 fortia
794 659 830 722 et
852 656 1078 724 memorabilia
1101 657 1259 744 facinora,
1284 678 1371 742 4444

204 761 288 828 bello
320 760 501 829 Samnitico
535 761 642 846 gessit
674 761 713 848 Q.
745 762 870 829 Fabius
901 762 1093 841 Rullianus,
1126 765 1305 852 diligenter
1334 771 1370 834 et

205 872 360 936 accurate
387 867 546 936 describit
574 873 691 935 auctor
718 887 739 934 a
762 868 907 936 Diodoro
934 870 1114 938 adhibitus.
1168 871 1368 943 8411111144-

204 992 272 1041 mus
296 975 438 1060 singula.

235 1101 265 1148 a.
289 1082 441 1167 Pugnan
469 1082 557 1165 apud
579 1081 743 1148 Lautulas
771 1082 976 1149 commissam
1004 1083 1108 1168 (439),
1132 1104 1195 1167 440
1218 1105 1304 1154 anno
1328 1087 1370 1173 Q.

291 1188 432 1256 Fabium
462 1186 699 1274 Rulliannm⁵⁰l
729 1188 867 1272 primum
897 1189 1096 1257 dictatorem
1123 1191 1277 1260 dixerant
1303 1193 1369 1261 Ro·

289 1295 394 1380 mani,
426 1295 587 1378 copiosius
617 1298 754 1362 enarrat
785 1295 948 1364 Diodorus
972 1298 1068 1364 XIX
1093 1304 1133 1363 72
1162 1317 1259 1381 quam
1283 1319 1311 1368 e.
1336 1321 1369 1386 g.

290 1402 408 1470 Livius
430 1403 489 1470 IX
513 1407 564 1466 23.

240 1510 270 1576 b.
294 1508 440 1576 Diodoro
474 1513 565 1576 teste
594 1509 690 1576 XIX
716 1515 788 1588 101,
824 1528 909 1578 anno
945 1517 1007 1574 441
1043 1511 1219 1579 Rullianus
1249 1512 1369 1580 iterum

291 1617 432 1701 adeptus
448 1619 502 1682 est
518 1615 729 1692 dictaturam,
754 1634 839 1698 quae
854 1620 973 1701 postea
988 1636 1006 1684 e
1022 1616 1123 1686 fastis
1142 1622 1279 1686 extrusa
1296 1638 1370 1688 esse

292 1723 434 1806 videtur,
459 1741 529 1790 oum
554 1722 671 1790 Livius
689 1723 747 1790 IX
763 1729 804 1788 28
829 1723 866 1792 0.
883 1723 1068 1791 Poetelium
1092 1725 1289 1793 dictatorem
1313 1745 1370 1794 no·

290 1831 451 1899 minatum
473 1848 547 1898 esse
569 1829 747 1915 prodat.⁶⁷)

239 1957 266 2004 4.
291 1937 343 2004 De
367 1936 577 2020 expeditione
601 1936 795 2004 aRulliano
819 1956 849 2004 a.
875 1943 939 2002 444
962 1936 998 2003 14
1019 1937 1191 2005 1114441414
1214 1944 1371 2024 suscepta

291 2043 424 2127 eiusque
447 2042 598 2112 victoriis
613 2061 697 2126 4444
713 2045 757 2110 ab
771 2043 925 2112 Etruscis
940 2047 1175 2128 reportaverat
1191 2045 1370 2131 diligenter

290 2151 364 2237 agit
385 2150 550 2219 Diodorus
570 2149 647 2217 XX
671 2156 723 2234 36,
748 2169 821 2217 cum
843 2170 894 2231 ea,
918 2170 1004 2234 quae
1027 2151 1139 2218 eodem
1162 2170 1247 2220 anno
1270 2153 1369 2220 Fabii

291 2258 418 2344 collega
441 2257 483 2327 G.
508 2258 654 2325 Marcius
677 2258 712 2324 in
735 2257 869 2326 Samnio
891 2262 1056 2343 gesserat,
1079 2258 1194 2343 paucis
1214 2260 1370 2329 absolvat

291 2365 411 2435 verbis.
445 2366 499 2432 De
514 2364 619 2432 Fabio
636 2364 739 2448 addit,
764 2370 803 2432 ut
823 2369 948 2450 augeat
964 2366 1034 2433 eius
1050 2365 1189 2451 gloriam
1222 2370 1371 2449 „apator

292 2471 453 2550 Ῥωμαίων
489 2472 566 2549 μετὰ
604 2471 766 2548 δυνάμεως
803 2470 999 2554 ἐμβεβληκώς
1036 2477 1077 2549 εἰς
1121 2473 1253 2550 τούτους
1295 2472 1371 2552 τοὺς

290 2581 440 2657 τόπονς.“

289 2688 351 2759 IV.
374 2688 451 2755 Non
480 2685 576 2769 parvi
604 2685 759 2753 momenti
786 2704 827 2752 ea
855 2703 982 2768 quoque
1005 2689 1092 2768 sunt,
1123 2704 1208 2768 quae
1230 2685 1369 2772 legimus

202 2796 305 2880 XIX,
331 2801 372 2860 72
397 2795 437 2862 do
468 2793 718 2879 opportunitate
747 2793 919 2861 Luceriae.
965 2792 1040 2869 „orb
1072 2789 1132 2874 γὰρ
1162 2790 1281 2873 ταύτην
1311 2817 1370 2874 την

203 2904 295 2967 πόλιν
318 2899 359 2966 οὐ
381 2902 482 2978 μόνον
506 2898 542 2965 ἐν
564 2900 671 2987 τούτῳ
702 2907 747 2987 τῷ
769 2901 897 2985 πολέμῳ
920 2898 1000 2963 ἀλλὰ
1022 2904 1073 2963 καὶ
1095 2898 1174 2963 κατὰ
1197 2898 1272 2975 τοὺς
1293 2899 1370 2976 μετὰ

203 3011 299 3073 ταῦτα
335 3009 522 3087 γενομένους
556 3007 623 3082 ἕως
657 3010 730 3070 τῶν
764 3003 845 3070 καθ’
883 3004 975 3086 ἡμᾶς
1012 3006 1162 3087 χρόνων
1199 3010 1369 3072 διετέλεσαν

203 3113 379 3198 &propropter
414 3113 571 3197 χρώμενοι
605 3111 683 3176 κατὰ
718 3116 783 3178 τῶν
816 3119 948 3194 πλησίον
981 3113 1120 3177 &domos
1177 3112 1271 3199 Quod
1305 3134 1369 3183 non

203 3222 349 3307 Diodori,
367 3222 426 3288 sed
442 3220 588 3289 auctoris
605 3222 648 3287 ab
664 3240 702 3287 4ο
717 3220 870 3303 usurpati
882 3239 955 3287 esse
970 3218 1134 3304 iudicium,
1159 3221 1222 3288 hac
1237 3221 1369 3304 potissi·

205 3349 287 3397 num
323 3349 426 3397 causa
457 3327 603 3396 dubitari
633 3328 762 3411 nequit,
802 3326 887 3410 quod
916 3325 1054 3394 Diodori
1084 3331 1199 3394 aetate
1229 3327 1371 3395 Romani

203 3436 324 3504 Italiae
355 3435 510 3521 gentibus
534 3434 696 3502 Luceriae
723 3434 880 3502 finitumis
909 3451 1086 3515 numquam
1108 3433 1228 3501 bellum
1250 3433 1369 3502 intule-

203 3546 286 3611 runt.
347 3542 492 3611 Accedit
531 3541 617 3623 quod
653 3541 720 3608 iam
757 3540 932 3610 Strabonis
963 3542 1025 3612 VI.
1064 3561 1095 3624 p.
1133 3546 1196 3604 284
1246 3545 1369 3626 tempo·

202 3651 290 3718 ribus
327 3650 471 3718 Luceria
513 3649 686 3716 imminuta
728 3667 801 3717 4444
840 3649 981 3717 videtur.
1043 3646 1125 3716 Oum
1165 3666 1244 3715 vero
1282 3649 1369 3717 bello

202 3757 325 3827 Punico
349 3756 491 3825 secundo
518 3757 573 3824 vel
595 3755 737 3824 maxime
759 3757 926 3825 Romanos
954 3755 1078 3823 inuisos
1101 3773 1176 3823 ease
1198 3756 1371 3825 Lucerinis

271 3988 309 4060 ⁵⁶)
328 3989 408 4042 Auno
427 3988 480 4042 430
497 3985 600 4042 Fabius
619 3984 764 4041 Rullianus
782 3985 918 4056 magister
936 3983 1060 4052 equitum
1078 3984 1177 4041 inerat
1202 3990 1232 4042 et
1255 3984 1370 4043 absente

204 4075 338 4133 dictatore
357 4074 468 4146 Papirio
487 4075 582 4132 hostes
600 4074 805 4146 profligaverat.
844 4073 931 4142 Quam
950 4073 1095 4130 4141041414
1121 4073 1230 4144 copiose
1258 4090 1371 4132 4114444-

202 4171 281 4223 verat
298 4165 402 4222 Fabius
419 4164 449 4220 111
473 4163 617 4220 annalibus
636 4163 702 4220 suis.
730 4164 765 4220 cf.
784 4164 818 4221 fr.
839 4166 881 4220 18.

291 4253 456 4326 Μ)11141114,
482 4253 529 4321 4111
547 4269 593 4310 444
612 4269 629 4309 4
646 4252 775 4309 Rulliuno
794 4269 819 4309 4.
838 4255 891 4307 439
916 4257 945 4308 01
969 4254 1022 4307 444
1046 4257 1143 4322 gestas
1167 4251 1251 4309 aliter
1274 4259 1371 4310 narrat

203 4349 286 4413 atque
316 4343 452 4399 Diodorus
480 4375 517 4384 -
544 4341 714 4400 recentiores
745 4347 778 4398 ut
807 4346 874 4412 puto
905 4346 1018 4396 secutus
1046 4346 1173 4396 auctores
1199 4373 1233 4383 -
1258 4343 1287 4398 in
1316 4343 1370 4400 line

201 4434 345 4502 utriusque
367 4434 422 4488 1041
441 4431 506 4504 (IX,
526 4434 573 4502 233
592 4433 638 4503 37)
661 4447 736 4501 eam,
761 4446 842 4499 411441
865 4429 974 4498 profert
992 4429 1143 4498 Diodorus,
1169 4429 1370 4502 discrepantem

203 4521 325 4578 adnectit
342 4521 508 4578 memoriam.

1174 4628 1192 4679 4
