3410 5052
776 233 971 291 -4-

375 401 441 471 Sed
464 405 653 488 priusquam
676 405 711 471 in
733 405 841 472 fastos
864 404 1002 473 Diodori
1025 407 1221 491 diligentius·
1241 406 1454 490 inquiramus

284 509 493 597 relinquitur,
517 518 555 580 ut
572 514 613 580 de
629 512 686 596 eis,
712 512 1007 596 quatenusper
1026 513 1067 579 de
1090 513 1182 581 fonte
1196 515 1335 582 Diodori
1359 534 1455 581 enuc-

283 616 394 686 leesse
422 617 486 686 sibi
513 619 660 704 videtur,
689 617 890 686 sententIam
918 618 1072 688 feramus.
1118 621 1149 687 Il
1180 621 1347 706 scriptura
1369 621 1455 689 enim

283 725 487 810 quorundam
510 727 675 796 nominum
696 727 923 794 demonstrare
947 728 1061 795 studet
1084 727 1137 796 vir
1159 727 1369 796 doctissimus
1392 728 1414 793 l.
1432 728 1454 794 l.

281 854 314 920 p.
334 839 396 899 611
413 834 628 904 Diodorume
650 835 743 902 fonte
765 853 830 901 non
846 833 977 902 Graece
1001 835 1059 902 sed
1080 835 1205 902 Latine
1228 835 1353 919 scripto
1375 837 1455 904 han·

282 941 377 1011 sisse.
425 942 533 1029 Quam
556 940 739 1027 opinionem
762 941 792 1008 si
815 943 1071 1027 comprobamus,
1102 962 1209 1024 neque
1228 942 1328 1010 Fabii
1350 962 1456 1026 neque

282 1048 392 1118 Oincii
419 1048 567 1119 Graecos
596 1048 733 1117 annales
759 1048 898 1116 Diodori
928 1049 1031 1118 fuisse
1061 1049 1187 1117 fontem
1216 1049 1251 1116 iu
1281 1051 1455 1134 propatulo

282 1161 346 1225 est.
398 1155 521 1226 Omnes
549 1157 620 1224 fere
647 1155 712 1225 viri
744 1156 842 1246 docti
862 1155 918 1238 qui
943 1160 1021 1240 post
1047 1158 1218 1240 Meyernm
1248 1157 1289 1224 de
1316 1157 1457 1225 Diodori

282 1264 432 1350 agebant
456 1263 548 1331 fonte
572 1262 773 1331 annalistico
795 1262 1015 1332 libentissimo
1039 1263 1147 1331 enlmo
1161 1263 1289 1348 Meyeri
1312 1265 1457 1348 amplexi

283 1373 363 1440 sunt
392 1370 605 1439 sententiam.
653 1369 746 1456 Quae
774 1389 847 1437 cum
874 1369 925 1437 ita
953 1370 1037 1455 sint,
1069 1374 1226 1439 accurate
1253 1391 1339 1438 nunc
1366 1370 1456 1440 vide-

282 1496 375 1546 amus
403 1497 481 1546 num
509 1476 657 1562 vestigia
679 1477 797 1544 Latini
825 1475 927 1544 fontis
955 1477 1041 1544 satis
1070 1483 1163 1546 certa
1192 1482 1228 1546 et
1250 1478 1316 1544 fida
1339 1478 1395 1548 vel
1420 1479 1457 1547 in

281 1585 381 1656 fastis
394 1586 449 1656 vel
460 1585 495 1652 in
507 1583 753 1653 commentaris
764 1583 933 1651 historicis
949 1583 1150 1670 iuvestigari
1165 1585 1295 1670 possint
1309 1584 1456 1669 necnef)

370 1693 399 1777 I,
429 1711 494 1760 eos.
520 1712 550 1759 a.
577 1699 639 1757 325
665 1711 695 1760 a.
720 1711 751 1758 u.
776 1691 965 1775 appellatur
988 1692 1065 1758 XII
1090 1698 1141 1759 73.
1173 1693 1303 1768 Αεύκιος
1325 1695 1457 1774 Σέργιος

433 1799 642 1881 Φιδηνάτης
664 1797 784 1886 (νιατης
806 1797 911 1886 libb.).

372 1925 437 1976 008.
463 1928 494 1974 a.
519 1913 583 1973 306
606 1909 684 1975 XII
709 1913 760 1971 27.
790 1912 878 1970 Τίτον
900 1913 1084 1988 Στερτίνιον
1107 1904 1373 1988 Στροὺκτωνα.

371 2033 439 2082 tos.
463 2033 493 2083 a.
520 2022 582 2080 395
606 2015 698 2086 XVI
724 2017 774 2078 15.
798 2012 931 2094 Μάρκον
954 2021 1129 2078 Ποπίλλιον
1151 2013 1348 2094 Λαινάτην.
1433 2104 1435 2106 ¹

368 2123 400 2190 Ε
427 2121 592 2190 nominum
620 2121 733 2188 formis
762 2120 948 2202 Φιδηνὰτης,
980 2123 1146 2202 Λαινάτης,
1175 2119 1391 2202 Στρούκτωνα
1421 2121 1456 2188 in

281 2228 421 2298 Diodori
443 2229 537 2297 fonte
554 2229 704 2296 consules
721 2229 844 2295 oonIcIt
867 2230 983 2312 Meyer
1005 2229 1111 2297 ternis
1127 2227 1230 2296 fuisse
1246 2232 1455 2296 enumeratos

279 2336 464 2406 nominibus
493 2340 595 2419 atque
628 2335 780 2403 ablativa
813 2335 943 2418 quidem
975 2335 1090 2404 forma.
1145 2337 1233 2404 Nam
1261 2339 1354 2403 ortas
1382 2353 1455 2403 esse

279 2443 469 2527 suspicatur
485 2440 658 2523 Φιδηνὰτης
672 2443 835 2522 Λαινάτης,
852 2443 1067 2524 Στρούκτωνα
1085 2462 1126 2510 ex
1142 2441 1304 2511 ablativis
1320 2442 1455 2510 Latinis

278 2548 457 2635 Fidenate,
488 2550 656 2636 Laenate,
688 2547 838 2634 Struct03
869 2549 978 2634 poscit
1007 2549 1160 2617 nimirum
1195 2547 1342 2630 Φιδήνας,
1382 2555 1454 2612 Δαί-

279 2681 344 2735 νας,
357 2659 550 2739 Στροῦκτος.
584 2657 677 2742 Quae
690 2657 860 2725 sententia
875 2656 954 2723 mihi
970 2675 1098 2739 qnoque
1114 2655 1256 2740 arridet;
1271 2657 1454 2724 notandum

279 2783 358 2833 vero
382 2768 435 2831 est
459 2781 672 2847 quaecunque
696 2763 847 2847 exempla
871 2763 1007 2848 collegit
1029 2764 1158 2848 Meyer,
1184 2782 1257 2831 esse
1282 2763 1455 2848 desumpta

279 2890 345 2938 non
368 2891 410 2939 ex
433 2870 602 2938 annalium
625 2869 788 2954 scriptore
812 2889 833 2937 a
854 2870 1001 2938 Diodoro
1024 2873 1193 2954 usurpato,
1219 2871 1278 2938 sed
1301 2891 1320 2937 e
1342 2890 1454 2938 recen·

278 2977 365 3044 tiore
381 2975 609 3063 chronologiae
625 2977 728 3062 fonte,
752 2977 809 3044 nbi
827 2976 967 3063 singulis
990 2977 1244 3064 magistratibus
1261 2979 1455 3062 cognomina

280 3089 378 3153 erant
393 3083 575 3168 adscripta.
610 3087 743 3153 Desunt
762 3085 849 3153 talia
866 3086 1048 3169 exempla
1038 3105 1074 3153 ιιι
1097 3105 1137 3154 ea
1160 3085 1323 3154 fastorum
1344 3091 1453 3171 parte,

274 3211 361 3276 qnos
389 3192 556 3275 excerpsit
577 3193 743 3260 Diodorus
772 3212 814 3259 ex
841 3193 1010 3262 annalium
1041 3195 1212 3278 scriptore.
1260 3194 1354 3281 Quae
1382 3213 1455 3260 cnm

278 3300 330 3368 ita
359 3300 443 3384 sint,
468 3299 593 3383 Meyeri
617 3299 864 3385 observatione,
888 3305 998 3368 utrum
1022 3303 1160 3368 annales
1184 3321 1205 3368 a
1227 3300 1373 3368 Diodoro
1397 3301 1454 3368 ad·
1488 3343 1492 3350 -

279 3406 380 3473 hibiti
400 3407 540 3492 Graece,
565 3426 609 3474 an
633 3407 757 3475 Latine
781 3407 898 3492 sc1ipti
920 3408 1055 3493 fuerint,
1078 3409 1169 3476 nullo
1192 3405 1317 3494 modo⁰)
1340 3411 1454 3492 potest

281 3512 464 3581 diludicari.

371 3691 394 3763 ⁴)
413 3691 520 3758 Ileyeri
539 3690 662 3748 asseclae
682 3695 748 3747 sunt
769 3690 811 3747 hi:
854 3691 1002 3762 Holaapfel
1021 3693 1083 3750 Chr.
1102 3693 1135 3748 R.
1156 3694 1208 3748 190
1226 3692 1288 3748 adn.
1308 3695 1332 3748 2.
1357 3692 1454 3749 Soltau

281 3780 371 3852 „Prol
390 3779 434 3837 ad.
448 3779 510 3837 Chr.
523 3780 573 3837 R.“
593 3797 619 3850 p.
629 3781 679 3852 823
697 3779 931 3838 ideminhr.R.
945 3798 971 3851 p.
985 3783 1046 3838 377.
1074 3780 1196 3838 'Iriemel
1208 3781 1234 3838 J.
1247 3782 1273 3839 J.
1288 3783 1339 3838 139
1351 3799 1378 3852 p.
1392 3783 1453 3839 345.

280 3869 361 3926 Solus
374 3869 478 3926 Kaerst
495 3868 566 3930 Phil.
584 3869 614 3925 ll.
633 3885 659 3938 p
673 3868 726 3924 338
744 3867 864 3938 dubitat,
883 3885 948 3925 num
966 3877 1042 3928 recte
1062 3874 1276 3942 argumentatus
1294 3870 1332 3927 sit
1343 3870 1454 3940 Meyer3

279 3975 368 4030 nequa
386 3975 453 4016 vero
473 3973 536 4014 eum
553 3959 669 4015 refutat.

370 4051 394 4122 )
412 4047 485 4120 apud
502 4047 613 4106 Livium
630 4047 677 4104 III
695 4048 730 4104 65
749 4053 779 4105 et
796 4001 957 4117 Dionysium
981 4049 1021 4104 Xl
1044 4050 1077 4104 51
1103 4047 1186 4104 Titus
1211 4046 1355 4118 Virginius
1379 4047 1454 4104 cluet

280 4139 325 4198 hic
344 4139 448 4196 consul

370 4229 392 4302 8)
412 4230 482 4286 Sunt
500 4232 594 4285 autem
613 4244 714 4285 causae
734 4227 805 4284 aetla
822 4226 939 4283 idoneae
958 4226 1057 4297 quibus
1075 4225 1177 4296 aliquis
1194 4225 1349 4296 infringere
1362 4227 1453 4296 possit

281 4319 390 4391 Meyeri
409 4317 593 4388 suspicionem
612 4317 646 4374 de
664 4317 820 4374 nominibus
840 4313 989 4382 Φιδηνάτηι
1008 4320 1061 4373 eto.
1099 4314 1215 4387 Siagula
1234 4313 1404 4374 examinabo.

369 4405 563 4476 Φιδηνάτης.
601 4405 750 4475 Φιδηνάτηε
773 4422 839 4465 vere
859 4407 993 4462 Graecam
1016 4419 1077 4461 esse
1100 4405 1218 4461 formam
1236 4403 1354 4460 nominis
1371 4405 1452 4462 Fide-

281 4498 355 4556 natis
380 4497 492 4558 disertio
516 4496 609 4556 verbis
633 4501 757 4554 testatur
775 4496 929 4568 stephanus
946 4494 1100 4564 Byzantius
1125 4511 1186 4551 cum
1211 4493 1291 4550 dicit:
1326 4491 1452 4565 ηΦιδήνη,
