3410 5052
722 272 943 330 ..14-

249 448 377 512 stratus
409 443 560 527 eponymi
591 448 626 511 01
657 444 891 512 adnotationes
921 443 1101 511 historicae
1129 460 1192 509 non
1221 461 1348 526 semper
1376 461 1418 509 ex

248 571 311 619 uno
338 552 515 634 eodemque
542 549 697 618 fluxerint
724 551 832 634 fonte,
862 569 988 618 summa
1016 549 1126 616 cautio
1155 549 1342 616 adhibenda
1365 553 1418 616 est

249 659 290 742 ei,
315 658 371 740 qui
394 678 413 726 0
436 657 648 743 chronologia
671 677 768 739 quam
791 657 940 740 sequitur
958 657 1123 724 Diodorus
1146 655 1270 724 1011011
1294 657 1337 724 ab
1360 656 1418 723 illo

248 771 442 850 usurpatum
469 765 604 833 definire
631 769 780 832 conatur.
831 766 993 833 Fortasse
1020 783 1099 833 vero
1128 763 1222 832 nobis
1254 763 1418 848 contingit

249 877 287 939 ut
303 891 321 939 e
337 872 462 940 duobus
479 893 500 940 a
515 872 660 940 Diodoro
680 871 838 940 adhibitis
861 870 1023 939 fastorum
1046 871 1209 939 indicibus
1224 910 1267 919 —
1284 872 1418 938 chrono-

248 979 367 1064 graphi
395 980 467 1047 dico
495 983 531 1047 et
558 979 726 1046 annalium
755 978 993 1063 scriptoris-
1021 979 1145 1046 rectius
1168 978 1347 1046 iudicemus
1379 976 1420 1044 de

250 1086 415 1154 nonnullis
443 1085 587 1170 lacunis,
611 1085 870 1168 additamentis,
900 1084 976 1154 aliis
999 1084 1259 1171 proprietatibus
1282 1084 1420 1152 Diodori

249 1193 420 1261 iustorum.
459 1194 523 1262 Ille
545 1192 631 1261 enim
651 1193 686 1261 id
709 1193 817 1278 egisse
839 1192 982 1277 videtur,
1007 1196 1045 1260 ut
1068 1192 1313 1276 discrepantias
1337 1209 1419 1275 quas

249 1299 472 1385 investigavit
487 1303 576 1369 inter
591 1301 872 1387 chronographum
890 1304 924 1368 01
940 1299 1108 1368 annalium
1124 1300 1319 1390 scriptorem
1335 1318 1419 1367 com·

249 1412 406 1490 pensaret
435 1411 471 1475 et
502 1407 633 1490 utrique
663 1408 886 1477 satisfaceret.
941 1409 1064 1490 Itaque
1095 1406 1219 1474 accidit
1243 1407 1284 1492 ei,
1318 1409 1356 1473 ut
1386 1405 1421 1473 in

250 1513 351 1582 111100
373 1513 536 1583 incideret
562 1513 778 1584 contusiones.

338 1620 572 1690 Differentiam
596 1641 655 1691 sex
678 1642 835 1692 annorum
859 1642 945 1707 quae
968 1626 1021 1691 est
1042 1622 1140 1690 initio
1161 1620 1238 1689 libri
1253 1621 1312 1689 XI
1333 1620 1422 1688 inter

250 1727 390 1796 Diodori
417 1733 452 1795 01
481 1727 689 1811 Capitolinos
716 1731 838 1814 100100,
866 1730 1051 1815 profectam
1080 1748 1154 1797 esse
1177 1750 1196 1798 e
1219 1727 1421 1797 dissensione

252 1836 394 1918 quadam
423 1835 664 1921 chronographi
691 1843 726 1906 et
754 1838 922 1906 annalium
951 1837 1122 1921 scriptoris
1151 1835 1422 1906 verisimillimum

251 1946 314 2010 001.
368 1942 451 2010 Inde
485 1961 563 2011 vero
598 1962 620 2010 a
653 1943 738 2013 libro
768 1946 866 2013 ΧΠ]
896 1944 1060 2013 Diodorus
1095 1941 1336 2029 chronographi
1371 1940 1422 2009 sui

250 2049 358 2117 fastos
390 2048 552 2118 abiecisse
580 2057 615 2118 et
642 2057 735 2120 totus
764 2052 933 2120 annalium
960 2051 1155 2134 scriptorem
1182 2053 1317 2119 secutus
1349 2066 1422 2116 esse

252 2157 395 2225 videtur.
425 2157 517 2224 Tunc
529 2156 563 2224 id
575 2176 712 2244 quoque,
728 2163 868 2244 utputo,
884 2158 1054 2226 intellexit
1066 2176 1102 2226 se
1119 2159 1301 2242 complures
1319 2172 1422 2223 annos

252 2264 476 2348 praecurrisse
508 2264 616 2333 100100
644 2266 813 2334 annalium
836 2266 1019 2350 scriptoris.
1067 2265 1167 2334 (iuius
1191 2285 1264 2333 oum
1288 2264 1422 2330 chrono-

252 2372 343 2458 logia
366 2375 405 2438 ut
428 2371 634 2457 conveniret,
659 2373 831 2453 bonafide
854 2372 997 2456 quinque
1019 2373 1247 2459 praetermisit
1270 2368 1423 2455 collegia.

253 2477 484 2565 Quaerendum
500 2497 578 2547 vero
594 2483 647 2548 est
663 2499 721 2548 our
741 2480 908 2565 quinque
928 2485 1061 2549 tantum
1085 2480 1248 2549 deleverit
1272 2476 1422 2562 collegia,

254 2605 450 2669 quamquam
472 2585 580 2654 distet
601 2585 697 2654 initio
720 2587 798 2655 libri
812 2588 909 2657 XIII
933 2593 1021 2656 octo
1045 2588 1140 2656 annis
1165 2608 1185 2656 0
1208 2586 1309 2655 100110
1326 2583 1424 2668 Oapi·

251 2692 389 2761 tolinis?
441 2693 543 2761 Haud
575 2693 672 2763 dubie
703 2695 788 2777 quod
818 2695 926 2763 100100
957 2695 1125 2763 annalium
1156 2691 1328 2779 scriptoris
1360 2709 1424 2758 non

253 2806 327 2869 octo
356 2801 414 2869 sed
442 2801 583 2885 quinque
611 2806 744 2869 tantum
772 2803 868 2870 annis
895 2803 1130 2886 praeterierat.
1175 2801 1273 2869 Unde
1296 2798 1424 2866 conclu-

253 2908 394 2976 dendum
421 2914 474 2976 est
497 2908 605 2977 100100
627 2908 766 2977 Diodori
789 2909 958 2977 annalium
980 2908 1152 2995 scriptoris
1175 2906 1304 2974 ternis
1327 2904 1423 2973 annis

253 3013 478 3098 praecmrisse
500 3016 609 3085 100100
632 3017 850 3100 capitolinos.
880 3036 909 3084 0.
932 3037 965 3102 g.
1012 3016 1111 3106 Fasti
1135 3013 1279 3100 Capitol.
1304 3018 1369 3077 364
1392 3031 1423 3078 0.

253 3139 284 3188 u.
309 3142 336 3188 c.
365 3123 443 3206 (396
472 3141 502 3189 0.
527 3123 586 3191 Oh.
610 3125 656 3211 1.)
684 3139 729 3164 Ν
755 3124 854 3192 Fasti
884 3123 987 3191 101110
1014 3122 1112 3191 Diod.
1142 3129 1204 3188 367
1235 3118 1330 3209 (387)
1357 3119 1424 3186 Lu·

255 3247 385 3296 0101111
407 3247 486 3298 vero
510 3230 612 3298 etiam
635 3231 735 3299 aliud.
775 3231 858 3299 Gom
881 3230 966 3298 enim
985 3230 1149 3298 Diodorus
1172 3230 1248 3297 inde
1272 3229 1315 3295 ab
1338 3243 1424 3294 anno

255 3340 318 3400 336
349 3353 452 3420 usque
483 3337 527 3404 ad
557 3334 683 3406 Romae
713 3337 946 3418 incendium¹²l
976 3337 1113 3405 eundem
1143 3338 1223 3405 edat
1257 3351 1424 3402 numerum

255 3442 467 3528 collegiorum
483 3450 585 3528 atque
600 3445 716 3515 Livius
731 3451 767 3514 01
788 3445 870 3513 10011
886 3444 1082 3530 capitolini,
1104 3444 1177 3528 ipse
1192 3441 1331 3510 Diodori
1351 3440 1424 3508 lons

254 3551 421 3634 putandus
444 3555 498 3620 001
514 3551 686 3621 Gallorum
707 3553 914 3623 invasionem
936 3551 1133 3621 attribuisse
1156 3570 1242 3618 anno
1259 3548 1312 3617 Ol.
1339 3553 1424 3628 98,2.

256 3662 331 3721 367.
348 3676 378 3724 a.
395 3676 425 3723 1.
443 3677 470 3724 0.
488 3665 550 3725 387
568 3679 599 3727 0.
618 3659 678 3728 Oh.
694 3680 725 3727 n.
762 3660 857 3747 Quae
877 3680 950 3728 cum
964 3661 1016 3728 ita
1031 3660 1101 3728 sint
1115 3677 1180 3726 non
1196 3661 1249 3726 est
1266 3676 1323 3724 cur
1338 3655 1425 3724 sicut

260 3763 322 3831 alii
336 3765 422 3832 hunc
438 3784 558 3835 annum
573 3767 665 3836 urbis
676 3768 807 3836 deletae
820 3768 913 3854 (361)
925 3767 1011 3837 10111
1021 3766 1160 3835 Diodori
1171 3761 1426 3850 denegemus¹⁸).

348 3941 382 4013 11)
400 3942 460 3998 Ηο0
477 3943 508 3999 in
524 3950 607 4015 purte
624 3944 694 4002 10011
712 3961 747 4002 ex
764 3945 904 4003 annalium
923 3945 1058 4016 scriptore
1077 3950 1143 4001 sunt
1160 3942 1293 4014 excerpti.

348 4031 384 4103 18)
404 4030 486 4089 Cadit
503 4033 592 4105 igitur
611 4035 728 4092 soltavii
746 4035 868 4104 suspicio
887 4034 963 4104 ((1111.
982 4035 1015 4091 R.
1034 4051 1061 4104 p.
1080 4037 1141 4103 379,
1160 4035 1223 4105 386)
1242 4033 1290 4103 qui
1309 4030 1427 4088 coniecit

257 4120 409 4177 Diodorum
427 4123 500 4180 hunc
518 4139 618 4181 annum
636 4123 754 4194 Polybio
772 4124 872 4182 dobere
891 4124 925 4196 (I,
944 4125 982 4195 6).
1031 4123 1083 4180 Vir
1100 4123 1198 4180 doctus
1221 4121 1294 4179 enirn
1318 4121 1427 4177 demon·

258 4216 350 4268 strare
374 4211 470 4267 studet
492 4218 606 4283 praeter
630 4215 770 4271 annalium
794 4213 958 4284 scriptorem
982 4227 1062 4282 quem
1080 4211 1171 4268 nullos
1193 4211 1283 4268 fastos
1308 4209 1427 4266 edidisse

259 4299 312 4356 sibi
334 4299 429 4370 fingit,
456 4301 606 4359 Diodorum
633 4303 742 4373 Polybii
769 4302 906 4359 rationem
933 4301 1155 4372 chronologicam
1178 4315 1233 4357 non
1256 4298 1427 4370 neglexiss03

258 4390 331 4445 unde
354 4391 579 4458 perturbationes
603 4399 633 4450 et
656 4393 831 4450 confusiones
855 4392 969 4448 Diodori
993 4391 1130 4448 festorum
1155 4394 1232 4446 ortas
1257 4403 1319 4446 osse
1336 4392 1427 4458 putat.

260 4477 347 4545 Quam
366 4480 532 4539 sententiam
550 4482 711 4540 confirmare
724 4481 860 4540 studetin
873 4480 936 4538 (ihr.
954 4481 988 4539 R.
1007 4496 1034 4551 p.
1053 4481 1104 4537 383
1124 4495 1182 4550 sqq.
1196 4477 1362 4534 ratiunculis
1374 4491 1429 4532 non

259 4567 350 4624 minus
375 4568 522 4629 subtilibus
550 4587 631 4640 quem
654 4571 819 4628 artificiosis.
867 4570 896 4626 Si
921 4568 1057 4627 Diodorus
1085 4568 1137 4626 v11
1161 4567 1195 4624 11.
1220 4566 1289 4621 51).
1313 4565 1428 4622 eundem
