3366 5052
717 334 937 393 ...54-

258 506 363 593 Quam
391 507 508 573 miram
531 506 725 574 Mommseni
748 507 949 574 sententiam
973 507 1096 591 optimo
1118 507 1189 595 iure
1211 507 1277 573 iam
1299 507 1423 592 impug-

258 617 386 682 nabant
400 612 580 697 Holzapfel
596 613 672 681 (ihr.
688 615 730 682 R.
748 621 811 679 260
836 614 911 681 adn.
936 623 952 679 1
971 618 1006 681 et
1031 620 1104 698 276,
1131 611 1222 681 Oohn
1244 614 1266 680 l.
1283 614 1305 680 l.
1321 635 1352 697 p.
1373 620 1423 679 11.

258 722 351 809 Quae
379 740 452 788 cum
478 721 528 787 ita
556 720 625 789 sint
647 720 813 790 Diodorus
841 722 889 790 nil
911 723 976 790 nisi
998 721 1094 788 finem
1117 720 1297 807 fragmenti
1320 721 1425 788 Fabio

259 829 374 906 debet,
406 827 551 909 reliquas
578 831 693 911 partes
721 848 763 896 ex
791 829 856 896 alio
887 829 979 897 fonte
1010 848 1105 912 quem
1136 828 1260 896 certius
1292 827 1426 895 definire

258 953 344 1003 nunc
369 934 538 1003 nonlicet
561 934 735 1018 excerpsit.

347 1048 376 1106 2.
400 1042 457 1108 lib.
477 1041 550 1114 VH
571 1041 610 1108 fr.
637 1043 771 1110 2Dind.
811 1044 886 1110 Hoc
909 1040 1046 1111 Diodori
1068 1043 1289 1130 fragmentum
1312 1043 1428 1110 mirum

258 1152 416 1231 quantum
432 1148 625 1217 adverbum
641 1148 710 1216 fere
726 1151 878 1236 congruit
902 1170 975 1218 cum
990 1151 1152 1222 Varronis
1175 1151 1315 1235 quodam
1337 1149 1428 1235 frag·

257 1260 368 1322 mento
391 1260 526 1324 servato
549 1255 584 1322 in
608 1256 740 1324 scholiis
756 1256 1002 1326 Veronensibus
1026 1257 1070 1325 ad
1085 1260 1186 1343 Verg.
1202 1257 1288 1325 Aen.
1308 1257 1347 1324 H
1364 1262 1427 1322 717

256 1383 288 1446 p.
307 1367 358 1425 91.
382 1361 428 1429 Κ.
454 1361 504 1449 (cf
523 1363 625 1430 Peter
647 1365 693 1432 Η.
714 1365 756 1432 R.
780 1365 822 1432 R.
845 1386 877 1449 p.
904 1373 955 1432 96.
979 1364 1115 1434 Ritsclul
1137 1384 1188 1449 op.
1212 1364 1271 1433 111
1292 1385 1324 1449 p.
1350 1361 1428 1450 449)

256 1466 413 1555 Legimus
436 1469 522 1536 enim
545 1469 632 1553 apud

480 1626 592 1685 Diodor,
1048 1631 1136 1688 Schol.
1156 1631 1257 1689 Veron.

311 1716 354 1768 ὅτι
382 1719 428 1783 τῆς
456 1718 549 1789 Τροίας
576 1717 686 1784 ἁλούσης
710 1721 817 1774 Αἰνείας
924 1718 1430 1792 Varroseoundohistoriarum(?)re·

257 1806 326 1874 μετα
339 1824 423 1858 τινων
440 1804 661 1875 καταλαβόμενος
679 1811 759 1880 μέρος
771 1809 817 1875 τῆς
871 1807 928 1865 fert
964 1809 1079 1865 1111111111
1109 1816 1193 1880 captu
1222 1809 1308 1866 Trois
1338 1825 1430 1866 1116111

257 1893 436 1950 abscesseris
454 1895 580 1951 ἐπιόντας
597 1895 723 1964 ἠμύνατο.
760 1899 817 1950 τῶν
871 1912 932 1952 cum
950 1896 1077 1966 plurimis
1100 1914 1250 1968 occupasse
1274 1914 1430 1970 magnaque

259 1980 288 2034 δὲ
318 1980 452 2050 Ἑλλήνων
485 1982 670 2041 ὑποσπόνδους
704 1987 818 2044 τούτους
870 1986 991 2042 hostium
1006 1987 1112 2059 [311111
1130 1986 1282 2043 obtinuisse
1300 1986 1431 2058 s]bsundi

258 2071 394 2142 ἀφέντων,
413 2077 458 2125 καὶ
475 2075 703 2147 συγχωρησάντων
716 2077 819 2142 ἑκάστῳ
872 2080 1042 2145 potestatam
1077 2076 1173 2145 itaque
1204 2078 1374 2148 [concessum
1404 2075 1431 2131 ei

257 2159 354 2229 λαβεῖν
367 2161 415 2212 ὃσα
433 2159 544 2214 δύναιτο
560 2165 618 2216 τῶν
636 2161 712 2216 ἰδίων
730 2167 756 2216 σί
767 2169 819 2234 μὲν
873 2163 955 2235 qnod]
974 2165 1060 2222 uellet
1078 2166 1197 2222 anieno.
1222 2181 1337 2235 cumque
1358 2167 1432 2220 cirea

259 2247 335 2301 ἄλλοι
348 2251 449 2306 πάντας
461 2249 578 2324 ἄργυρον
590 2252 607 2320 ἢ
619 2253 715 2326 χρυσὸν
728 2254 743 2322 i
755 2274 818 2308 τινα
873 2255 991 2327 [aarum]
1011 2270 1130 2324 opesque
1148 2255 1219 2312 alias
1237 2255 1324 2313 ceteri
1342 2271 1432 2310 morc-

258 2341 305 2407 τῆς
316 2337 397 2407 ἄλλης
408 2337 579 2396 colossiaeus
589 2339 699 2409 stupeo,
712 2346 818 2401 Αἰνείας
871 2349 968 2400 renim
986 2345 1102 2402 Aenean
1126 2351 1233 2415 patrem
1258 2361 1337 2402 suurn
1360 2343 1432 2401 eollo

259 2427 288 2481 δὲ
314 2429 366 2481 τὸν
395 2432 501 2502 πατέρα
529 2433 695 2504 γεγηρακίντα
721 2431 817 2491 τελέως
873 2433 981 2506 [tulisse
992 2435 1219 2506 mirantibusque]
1231 2433 1344 2491 Achivis
1362 2434 1433 2489 huns

259 2517 392 2591 ἀράμενος
410 2519 453 2570 ἐπὶ
476 2518 539 2576 τούς
561 2519 650 2588 ὤμους
672 2521 817 2593 ἐξήνεγκεν.
871 2522 1006 2593 pietatem
1041 2523 1175 2581 redeundi
1208 2523 1290 2580 flium
1326 2523 1433 2594 copiam

259 2607 300 2678 ἐφ’
318 2601 341 2660 ὦ
359 2607 531 2676 θαυμασθεὶς
548 2608 602 2662 ὑπὸ
620 2612 677 2662 τῶν
686 2609 819 2678 Ἑλλήνων
873 2613 966 2668 iatam
985 2629 1018 2668 ae
1040 2612 1106 2668 deos
1130 2618 1246 2682 penates
1270 2612 1371 2684 ligneis
1395 2612 1432 2669 si·

259 2697 358 2766 ἔλαβεν
385 2696 506 2757 ἐξουσίαν
532 2696 615 2751 πάλιν
643 2699 658 2752 ὃ
690 2701 819 2769 βούλοιτο
872 2702 949 2773 gillis
971 2702 1017 2758 vel
1039 2701 1157 2771 lapideis
1181 2701 1301 2758 terrenis
1325 2717 1432 2772 quoque

259 2788 316 2840 τῶν
331 2783 446 2840 οἴκοθεν
460 2786 633 2848 ἐκλέξασθαι.
652 2788 819 2860 ἀνελομένου
872 2792 986 2848 Aenean
1000 2791 1113 2863 [limeris
1126 2790 1269 2862 extulisse]
1284 2807 1364 2860 quam
1373 2807 1433 2848 rem

259 2874 288 2928 11
306 2875 390 2928 αὐτοῦ
409 2875 444 2927 ταὶ
462 2879 576 2950 πατρῷα
594 2878 630 2930 ταὶ
653 2879 726 2954 rupa,
749 2880 819 2934 πολὺ
873 2878 995 2935 Gmacos
1014 2885 1156 2950 stupentes
1175 2879 1266 2936 omnia
1284 2896 1335 2936 sua
1355 2881 1433 2937 auic-

258 2963 365 3034 μῖιλίσν
383 2967 562 3034 ἐπαινεθῆναι
579 2971 678 3037 συνέβη
696 2968 747 3036 τὴν
760 2969 819 3042 uipe-
873 2967 952 3023 rendi
981 2973 1150 3038 potestatam
1189 2968 1314 3038 dedisse,
1346 2985 1433 3038 eaque

259 3054 319 3122 τὴν,
336 3057 430 3127 καίπερ
440 3055 493 3108 ὑπὸ
501 3055 638 3126 πολεμίων
652 3059 821 3126 ἐπισημασίας
876 3056 995 3130 [ratione
1020 3058 1130 3128 suepius
1153 3059 1314 3114 redeuntem
1341 3057 1434 3113 omnia

260 3144 445 3213 ταγηαίνανσαν
468 3184 606 3199 ......
627 3144 719 3220 διόπερ
741 3152 821 3217 φασιν
875 3146 993 3203 circis
1011 3147 1162 3205 abstulisse
1180 3153 1210 3204 61
1227 3147 1256 3203 in
1279 3162 1365 3204 naues
1384 3162 1433 3216 po·

260 3233 337 3298 αὐτῷ
354 3234 559 3308 συγχωρηθῆναι
581 3236 651 3304 μετὰ
674 3238 732 3289 τῶν
755 3237 821 3289 ὑπο·
875 3235 1023 3311 1111111111)

260 3322 433 3394 λειφθέντων
464 3323 564 3395 Τρώων
596 3326 740 3398 ἐκχωρῆσαι
775 3327 822 3393 τῆς

265 3411 388 3486 Τρῳάδος
410 3411 481 3482 μοτοὶ
504 3412 588 3480 πάσης
611 3412 753 3483 ἀσφαλείας
777 3420 821 3468 καὶ

262 3501 324 3554 ὅποι
341 3503 478 3571 peilatau.
751 3527 753 3534 ·

350 3647 453 3714 Miror
483 3647 569 3732 quod
598 3666 693 3715 nemo
725 3649 832 3720 adhuc
864 3652 949 3736 quud
979 3651 1082 3719 sciam
1113 3651 1199 3718 hune
1229 3650 1367 3719 Diodori
1397 3655 1434 3717 et

264 3754 427 3826 Varronis
462 3774 655 3823 consensum
685 3758 865 3840 perspexit.
920 3758 1064 3844 Quorum
1094 3763 1267 3840 utrumque
1298 3777 1340 3825 ex
1369 3777 1434 3825 uno

263 3861 356 3928 fonte
380 3861 561 3941 (annalium
584 3862 724 3945 quodam
747 3865 922 3951 scriptore)
945 3865 1171 3933 narrationem
1194 3865 1434 3949 deprompsisse

262 3987 357 4036 nemo
376 3967 503 4036 infitias
518 3969 591 4037 ibit.
628 3969 710 4056 Quis
735 3969 792 4039 ille
816 3977 852 4040 et
875 3972 1055 4040 aDiodoro
1079 3979 1114 4040 et
1130 3991 1151 4039 a
1166 3974 1318 4045 Varrone
1341 3972 1433 4038 adhi-

265 4076 355 4144 bitus
379 4078 495 4143 auctor
518 4075 631 4162 fuerit,
655 4097 740 4145 nunc
763 4098 822 4161 pro
846 4085 938 4148 certo
960 4083 1114 4148 statuere
1137 4079 1316 4162 nequimus.

354 4189 383 4247 3.
408 4181 464 4249 lib.
487 4184 559 4255 VH
581 4183 621 4250 fr.
647 4190 707 4262 3²,
732 4186 790 4267 3¹³,
814 4192 834 4250 4
856 4187 898 4252 D.
944 4185 1157 4269 Relinquitur
1179 4191 1218 4253 ut
1241 4185 1433 4271 diligentius

265 4289 467 4372 inquiramus
483 4289 518 4356 in
533 4288 666 4376 longum
681 4291 819 4359 Diodori
842 4291 1065 4378 fragmentum
1088 4293 1173 4375 quod
1195 4293 1230 4360 in
1252 4311 1433 4362 sermonem

265 4396 424 4466 Latinum
452 4397 654 4466 translatum
685 4403 782 4467 extat
809 4399 844 4466 in
872 4401 993 4469 Euseb.
1018 4400 1082 4470 vol.
1106 4403 1135 4469 Ι.
1159 4422 1190 4485 p.
1216 4407 1278 4466 285
1302 4420 1373 4485 sqq.
1398 4399 1432 4468 S.

322 4526 475 4534 m

354 4591 392 4664 ⁶¹)
411 4593 447 4650 Iu
464 4591 571 4652 lacunis
590 4591 749 4664 supplendis
767 4593 852 4654 Keilii
869 4609 963 4667 premo
982 4593 1111 4668 restim
