3366 5052
767 296 987 357 ..50-

292 471 442 553 constet,
481 471 574 538 tetus
612 469 780 537 consentio
819 489 891 537 eum
928 469 1089 538 Kaerstio
1123 472 1145 537 l.
1173 471 1196 538 l.
1224 493 1255 555 p.
1290 477 1353 536 764
1383 474 1460 539 rato

292 563 434 646 Fab'ium
461 577 628 644 Pictorem
654 577 735 643 belli
761 577 879 644 Punici
907 579 1087 662 aequalem,
1117 582 1293 664 cognatum
1316 578 1462 647 (Iuncta-

292 685 386 769 toris,
410 689 577 752 auctorem
592 683 694 751 fuisse
715 683 785 751 eius
800 680 912 752 iudicii
928 684 1013 767 quod
1027 685 1166 770 legimus
1183 685 1267 766 apud
1282 685 1461 753 Diodorum

292 791 332 858 de
356 793 604 876 opportunitate
626 791 798 859 Luceriae.

378 900 419 968 V.
444 899 498 965 De
525 898 734 983 chronologia
757 899 855 966 Fabii
883 899 1050 966 annalium
1078 903 1149 966 tam
1171 919 1278 983 pauca
1300 900 1460 967 habemus

290 1009 477 1090 comperta,
516 1011 554 1073 ut
592 1007 734 1073 maxima
769 1007 879 1074 cautio
918 1007 1103 1075 adhibenda
1139 1007 1185 1074 sit
1219 1006 1460 1090 inquirentibus

288 1132 365 1180 num
387 1113 526 1180 Diodori
549 1133 620 1181 cum
647 1114 746 1180 Fabii
773 1115 950 1183 conveniat
977 1119 1160 1198 temporum
1187 1114 1331 1191 ratione,
1364 1132 1460 1196 prae-

289 1219 404 1288 sertim
428 1239 499 1287 cum
522 1220 580 1286 ille
603 1220 637 1287 in
660 1219 737 1286 libb.
762 1220 941 1288 XI-XII
968 1220 1075 1288 fastos
1104 1220 1296 1305 saepissime
1325 1239 1390 1287 nou
1418 1240 1462 1288 ex

289 1327 457 1394 annalium
488 1327 666 1411 scriptore,
703 1328 802 1394 sede
826 1327 1103 1412 chronographiae
1128 1327 1332 1411 excerpserit
1354 1326 1457 1394 iente.

290 1432 396 1518 Supra
418 1433 484 1500 iam
506 1433 648 1501 vidimus
672 1434 724 1514 (cf.
749 1454 780 1518 p.
808 1437 861 1515 14)
885 1434 1074 1510 Diodorum,
1103 1454 1301 1517 quamquam
1322 1435 1459 1502 ineunte

288 1539 372 1607 libro
395 1541 493 1607 XIII
509 1542 652 1608 —unde
676 1545 768 1608 tetus
793 1541 961 1607 annalium
984 1542 1154 1624 scriptoris
1178 1542 1327 1624 sequitur
1350 1541 1458 1609 fastos

288 1681 331 1696 -·
348 1651 437 1715 4444
460 1648 645 1730 praecurrit
669 1648 764 1715 annis
787 1648 896 1714 fastos
920 1648 1136 1731 Capitolinos,
1161 1653 1274 1716 tamen
1290 1649 1458 1731 quinque

288 1758 420 1822 tantum
444 1754 592 1822 emisisse
616 1755 784 1822 consulum
808 1755 958 1840 collegia,
992 1775 1032 1822 ea
1055 1754 1205 1822 nimirum
1228 1775 1340 1840 causa,
1371 1756 1458 1838 quod

290 1861 457 1929 annalium
492 1861 648 1946 scriptor,
684 1880 746 1944 quo
780 1880 859 1928 usus
891 1865 957 1938 est,
993 1861 1122 1928 tribus
1150 1863 1245 1930 aunis
1273 1861 1457 1945 praecessit

287 1967 396 2035 fastos
418 1968 658 2036 translaticios.
705 1967 829 2034 Fabius
853 1987 941 2053 vero,
966 1987 1037 2035 eum
1062 1988 1182 2035 annum
1197 1969 1287 2037 urbis
1303 1968 1459 2036 conditae

288 2075 550 2160 comprobaverit
578 2075 630 2145 Ol.
657 2082 686 2158 8,
714 2081 729 2139 1
756 2073 928 2161 (7481747)
952 2080 988 2142 44
1010 2075 1099 2142 haud
1126 2076 1223 2143 dubie
1250 2076 1332 2143 item
1355 2078 1458 2158 atque

288 2182 403 2250 (licere
428 2182 457 2248 d.
481 2203 506 2248 r.
531 2203 563 2266 p.
584 2184 623 2249 H
647 2188 698 2260 30,
739 2182 794 2262 qui
823 2183 996 2267 Polybium
1034 2183 1192 2266 sequitur,
1228 2182 1388 2250 ducentos
1422 2185 1458 2248 et

287 2289 513 2374 quadraginta
555 2288 796 2373 computaverit
838 2288 1008 2376 anues⁶⁸),
1058 2290 1175 2373 quibus
1230 2292 1458 2375 regnaverant

286 2415 383 2481 reges
417 2395 654 2479 Romanorum,
693 2394 830 2478 primum
869 2397 1075 2464 consulatum
1114 2395 1166 2463 Ol.
1202 2404 1253 2480 68,
1281 2403 1299 2461 2
1328 2393 1457 2483 (50716)

287 2506 438 2571 statuere
462 2502 584 2570 debuit.
625 2502 680 2589 (cf.
705 2503 821 2587 Seeck,
846 2505 916 2570 tab.
941 2504 1038 2572 Pent.
1063 2525 1095 2588 p.
1122 2511 1195 2588 111,
1220 2503 1292 2570 Pol.
1317 2503 1375 2570 III
1400 2501 1457 2590 22)

285 2609 375 2696 Ergo
402 2630 453 2696 ea,
478 2629 562 2694 quae
586 2609 828 2679 enucleavimus
857 2611 897 2678 de
919 2609 1019 2679 lastis
1048 2610 1216 2679 annalium
1239 2609 1413 2693 scriptoris
1437 2627 1458 2674 a

284 2717 429 2784 Diodoro
445 2716 597 2800 adhibiti,
623 2716 785 2797 quadrare
800 2716 955 2784 videntur
970 2718 1014 2783 ad
1029 2717 1127 2784 Fabii
1142 2717 1305 2784 rationem
1321 2717 1456 2783 chrono-

283 2825 434 2909 logicam.
475 2824 573 2891 Adde
588 2825 675 2906 qued
689 2824 869 2891 Diodorum
890 2843 1009 2891 aunum
1025 2825 1152 2892 Romae
1173 2823 1293 2891 excidii
1309 2822 1362 2892 Ol.
1382 2829 1457 2900 942

286 2934 376 3014 (387)
398 2931 485 3014 apud
508 2932 676 2998 annalium
700 2931 894 3015 scriptorem
916 2930 1083 2998 invenisse
1107 2930 1379 2998 verisimillimum
1403 2934 1458 2996 est

286 3037 339 3120 (cf.
364 3058 394 3121 p.
423 3042 485 3117 14).
510 3037 657 3105 Eundem
680 3056 800 3105 annum
824 3036 966 3105 edidisse
995 3036 1135 3103 Fabium
1158 3037 1257 3121 plane
1280 3037 1360 3103 mihi
1383 3056 1457 3119 per-

284 3145 393 3212 suasit
417 3145 532 3222 Seeck,
556 3146 578 3211 l.
602 3146 624 3211 l.
649 3166 680 3229 p.
708 3151 780 3210 112.

373 3252 480 3339 Quae
504 3270 586 3317 cum
608 3252 668 3318 ita
691 3252 788 3328 siut,
813 3270 896 3318 mea
920 3250 1071 3333 quidem
1094 3250 1312 3327 sententia,
1345 3251 1457 3318 dubi·

283 3360 365 3427 tari
388 3379 463 3427 nen
485 3362 635 3443 petest,
659 3359 750 3441 quin
774 3359 971 3427 Diodorus
994 3359 1034 3426 in
1058 3359 1176 3426 libris
1192 3358 1370 3426 XI-XX
1385 3358 1456 3424 Fa-

283 3466 338 3532 bii
361 3466 537 3533 Piotoris
562 3465 739 3534 Graecos
770 3466 936 3533 annales
967 3465 1193 3548 primarium
1216 3470 1377 3531 secutus
1400 3463 1456 3530 sit

283 3571 439 3640 fontem.
792 3557 795 3564 ¹

373 3680 586 3762 Relinquitur
623 3698 715 3757 vere,
762 3685 800 3747 ut
838 3680 1010 3764 perpaucis
1054 3699 1094 3746 ea
1133 3678 1353 3746 examinemus
1403 3693 1455 3744 ar-

284 3790 451 3886 gumenta,
484 3788 601 3869 quibus
647 3787 705 3853 alii
743 3787 807 3855 viri
853 3787 942 3854 docti
983 3786 1177 3854 Mommseni
1221 3786 1455 3870 impugnantes

284 3893 484 3962 sententiam
507 3894 688 3961 Diodorum
711 3892 810 3959 Fabii
834 3893 972 3960 annales
995 3913 1069 3960 non
1091 3893 1127 3960 in
1149 3911 1242 3960 usum
1266 3911 1359 3960 suum
1378 3910 1454 3958 con-

283 4001 426 4068 vertisse
450 4004 661 4084 comprobare
685 4000 829 4068 student.
855 4001 1073 4084 Nitzschium,
1097 4005 1136 4067 ut
1155 3999 1258 4066 Fabio
1274 3998 1453 4065 Diodorum

282 4125 347 4174 non
376 4126 470 4175 usum
501 4126 575 4174 esse
606 4107 808 4182 ostenderet,
843 4107 970 4175 frustra
1001 4126 1133 4190 operam
1161 4105 1291 4173 dedisse
1314 4105 1349 4193 (l.
1374 4104 1396 4170 l.
1420 4125 1451 4188 p.

283 4218 346 4278 226
372 4213 458 4300 sqq.)
480 4212 666 4281 luculenter
687 4214 754 4281 iam
779 4214 1020 4283 demonstravit
1043 4214 1223 4282 Mommsen
1251 4213 1290 4279 R.
1304 4213 1342 4279 F.
1359 4213 1398 4279 H
1420 4232 1451 4296 p.

283 4326 347 4385 283
372 4340 441 4404 sqq.
488 4319 581 4404 Alia,
610 4339 694 4403 quae
717 4321 761 4388 ad
787 4322 981 4389 Mommseni
1009 4321 1223 4388 refellendam
1251 4319 1453 4388 sententiam

284 4465 495 4474 ——.—--—-

373 4549 408 4619 ⁶⁸)
427 4548 471 4604 Sic
490 4548 627 4604 Diodorus
646 4564 752 4618 quoqne
770 4551 843 4621 apud
862 4551 961 4607 Fuseb.
981 4550 1023 4606 ed
1043 4551 1105 4610 Sch.
1125 4552 1137 4603 1
1156 4567 1181 4620 p.
1202 4551 1262 4606 291.
