3366 5052
744 278 961 354 ..65-

357 445 484 532 Qnibus
508 445 707 514 examinatis
731 449 813 516 locis
837 455 978 534 apparet
994 448 1173 518 Diodorum
1189 454 1248 519 aut
1266 470 1284 518 e
1300 451 1438 536 Polybio

269 551 340 633 ipso
370 553 522 620 hausisse
546 560 605 622 aut
628 559 801 638 utrumque
833 557 970 625 eundem
1001 557 1123 625 adiisse
1150 558 1284 625 fontem.
1330 557 1440 626 Priori

269 657 481 726 coniecturae
513 662 560 727 nil
591 663 719 745 obstat;
755 663 784 730 si
806 683 885 731 vero
912 663 1078 732 Diodorus
1101 664 1240 748 Polybio
1269 685 1334 732 non
1356 666 1439 749 ipso,

271 766 331 832 sed
372 767 483 833 eodem
513 771 613 850 atque
643 769 701 836 ille
729 789 808 838 usus
839 776 893 838 est
925 777 1059 838 auctore
1085 791 1151 838 non
1181 775 1305 839 temere
1336 772 1441 856 suspi-

269 891 382 939 camur
405 892 603 942 communem
627 876 760 960 Polybii
784 882 818 944 et
842 877 980 944 Diodori
1001 877 1127 945 iontem
1150 897 1215 945 non
1234 878 1358 946 Latine
1382 878 1442 948 sed

271 977 403 1048 Graece
426 981 584 1064 scriptum
600 981 712 1050 fuisse.
749 984 837 1051 Num
853 985 1011 1052 credibile
1027 991 1080 1052 661
1096 988 1267 1068 utrumque
1283 986 1454 1053 Latinum

270 1087 432 1168 quendam
448 1093 597 1156 secutum
620 1090 755 1175 fontem,
780 1091 892 1159 eodem
915 1113 1009 1161 usum
1032 1111 1105 1160 esse
1125 1094 1225 1161 verbo
1256 1098 1441 1158 συνδιοικεῖν

271 1199 308 1260 11
341 1194 472 1263 Ancum
504 1197 664 1264 Marcium
695 1217 716 1264 a
747 1198 926 1281 Tarquinio
957 1199 992 1267 in
1027 1199 1315 1268 administratione
1347 1199 1443 1284 regni

271 1319 344 1368 6666
369 1301 517 1371 adiutum
533 1305 664 1374 Graece
686 1304 908 1388 redderetP⁷¹)
931 1306 1042 1391 Igitur
1057 1307 1156 1374 facile
1171 1311 1284 1391 potest
1300 1305 1443 1392 cogitari

198 1445 199 1454 1
271 1408 312 1476 de
336 1411 511 1479 annalibus
534 1413 643 1496 Fabii,
675 1413 794 1496 quippe
825 1413 881 1496 qui
910 1413 977 1481 iam
1000 1413 1034 1480 in
1056 1414 1140 1481 libro
1163 1416 1235 1485 VH
1258 1434 1279 1482 a
1299 1412 1442 1481 Diodoro

269 1515 424 1584 laudetur
440 1523 476 1585 61
492 1520 704 1602 sequentibus
728 1520 872 1588 inlibris
894 1520 1069 1603 primarius
1092 1521 1165 1589 fons
1186 1539 1260 1588 esse
1288 1521 1443 1590 videatur

270 1620 327 1709 (ci.
352 1622 525 1694 Oollmann
548 1626 609 1692 1.1.
633 1647 664 1710 p.
691 1633 742 1711 53,
767 1627 930 1696 Schubert
952 1628 973 1694 1.
991 1628 1012 1694 1.
1036 1648 1067 1711 p.
1093 1633 1230 1712 43s44.).

696 1863 726 1926 2.
749 1858 806 1927 lib.
830 1858 878 1926 X.
902 1857 943 1924 fr.
968 1864 1019 1923 20.

362 2001 437 2068 Hoc
468 2018 594 2084 quoque
621 1999 845 2086 fragmentum
880 2000 966 2083 quod
994 2000 1185 2068 accuratius
1215 2005 1443 2085 pertractetur

271 2111 324 2175 est
348 2106 488 2193 dignum.
534 2106 660 2194 Agitur
684 2107 724 2175 de
747 2107 841 2177 Sexti
857 2106 1031 2192 Tarquinii
1054 2107 1188 2175 scelere.
1228 2106 1281 2176 Ac
1303 2108 1443 2192 primum

274 2215 403 2298 quidem
425 2215 608 2283 notandum
631 2219 684 2284 est
708 2214 796 2300 apud
818 2215 998 2283 Diodorum
1021 2219 1122 2300 atque
1146 2215 1337 2284 ciceronem
1361 2217 1390 2282 d.
1415 2237 1441 2283 r.

272 2345 300 2402 p.
329 2323 369 2390 H
392 2329 444 2407 25,
469 2329 511 2387 46
542 2323 698 2391 maiorem
728 2327 813 2390 natu
853 2323 944 2408 regis
978 2321 1140 2407 appellari
1173 2323 1276 2390 filium
1305 2322 1444 2391 Sextum

273 2429 387 2511 (Diodt
403 2434 455 2493 xci
470 2430 651 2510 γενήσεσθαι
665 2432 880 2514 βασίλισσαν.)
904 2431 993 2498 Item
1004 2430 1184 2516 Dionysius
1199 2430 1261 2514 IV,
1277 2437 1328 2514 55,
1340 2437 1391 2511 64,
1402 2437 1441 2495 65

273 2555 346 2605 eum
368 2556 426 2622 pro
450 2535 591 2605 maximo
606 2542 690 2606 natu
712 2538 816 2605 habet
838 2537 916 2622 filio,
941 2556 1014 2605 cum
1029 2538 1117 2622 apud
1139 2537 1272 2607 Livium
1295 2539 1324 2622 1,
1342 2544 1394 2621 53,
1422 2545 1440 2601 5

273 2645 420 2729 aliosque
444 2645 520 2730 (Ov.
544 2644 625 2713 fast.
650 2646 689 2713 Π
713 2645 792 2732 691)
822 2643 1009 2712 nominetur
1030 2644 1192 2712 minimus.
1239 2643 1445 2730 Quamquam

272 2751 308 2819 in
331 2755 407 2820 tota
429 2771 466 2820 re
490 2751 706 2821 describenda
729 2751 818 2819 haud
845 2752 897 2819 116
929 2751 1120 2836 discrepant
1143 2763 1307 2828 auctores,
1331 2756 1445 2819 tamen

273 2859 390 2927 Livius
419 2864 454 2927 et
480 2860 661 2945 Dionysius
690 2860 803 2944 procul
840 2859 937 2927 dubio
965 2879 1031 2927 non
1059 2860 1102 2927 ad
1133 2859 1271 2928 eundem
1304 2860 1444 2928 redeunt

274 2964 442 3034 annalium
472 2967 676 3051 scriptorem.
723 2968 823 3051 Apud
850 2967 982 3035 Liuium
1010 2967 1132 3036 Sextus
1161 2966 1321 3051 minimus,
1357 2967 1445 3050 apud

272 3073 484 3158 Dionysium,
515 3074 643 3141 utiam
666 3075 790 3159 monui,
822 3074 982 3142 maximus
1005 3078 1089 3142 natu
1116 3079 1169 3142 661
1191 3073 1288 3142 filius.
1327 3073 1444 3142 Liuius

273 3185 391 3249 namet
407 3180 609 3249 Collatinum
633 3182 730 3250 simul
753 3200 825 3249 cum
846 3181 948 3250 Sexto
965 3181 1144 3264 Tarquinio
1167 3181 1333 3267 regiisque
1355 3180 1444 3249 iuve-

273 3288 370 3357 nibus
400 3293 498 3357 116616
521 3308 540 3356 6
563 3289 686 3357 castris
718 3288 898 3358 Collatiam
929 3287 1046 3355 citatis
1077 3288 1168 3371 equis
1199 3287 1379 3356 festinasse
1410 3291 1446 3354 61

274 3397 466 3468 Lucretiam
496 3397 586 3464 inter
616 3397 829 3465 lucubrantes
865 3395 1005 3463 ancillas
1037 3395 1206 3464 sedentem
1236 3397 1335 3461 nocte
1370 3412 1446 3461 sera

273 3505 373 3573 lanae
401 3505 549 3572 deditam
575 3504 752 3574 invenisse.
798 3503 853 3570 Ibi
876 3500 1000 3570 Sextus
1029 3502 1226 3585 Tarquinius
1254 3501 1359 3568 forma
1382 3501 1446 3568 Lu·

275 3613 402 3681 6161166
439 3613 601 3681 incitatus
636 3612 726 3678 mala
763 3610 946 3695 percipitur
980 3610 1125 3677 libidine.
1183 3609 1306 3677 Paucis
1343 3609 1447 3694 igitur

274 3719 463 3788 interiectis
487 3720 602 3787 diebus
625 3718 729 3786 inscio
754 3717 921 3786 Collatino
950 3717 1097 3784 mulieris
1119 3715 1323 3800 stuprandae
1345 3734 1449 3783 cauea

275 3826 457 3897 Collatiam
479 3845 516 3893 66
539 3825 678 3895 confert.
725 3824 867 3893 Prorsus
890 3823 992 3891 aliter
1013 3828 1131 3891 161161
1152 3821 1343 3908 Dionysius.
1389 3822 1449 3891 Nil

274 4083 304 4135 et
327 4074 445 4134 socius
468 4090 556 4145 paene
579 4073 661 4146 regni
683 4077 839 4144 putaretur.
864 4079 927 4131 6161
943 4074 973 4130 in
991 4088 1024 4130 eo
1042 4076 1190 4143 praeterea
1209 4088 1314 4128 summe
1332 4069 1448 4128 comitas

276 4183 382 4224 summu
399 4165 428 4222 in
447 4162 535 4221 omnis
554 4163 622 4222 civis
650 4163 722 4234 opis,
747 4161 856 4232 auxilii,
881 4161 1064 4231 defensionis,
1088 4161 1226 4234 largiendi
1250 4160 1448 4232 6116616113-

274 4255 357 4313 nitas.
390 4255 486 4324 itaque
510 4257 619 4310 mortuo
642 4251 747 4309 biarcio
772 4252 880 4309 eunctis
904 4251 999 4322 populi
1023 4250 1165 4323 suffragiis
1187 4267 1237 4307 rex
1260 4256 1305 4307 661
1336 4254 1448 4306 creatus

275 4346 306 4402 L.
326 4345 489 4415 Tarquinius.

367 4453 401 4524 ²²)
419 4452 517 4510 Livius
535 4455 557 4521 1,
581 4455 616 4508 34
634 4468 685 4509 nec
702 4465 756 4508 nen
768 4448 919 4518 Dionysius
937 4449 983 4504 111
995 4449 1075 4522 46148
1092 4447 1260 4505 recentiores
1279 4447 1448 4518 despoliasse

276 4541 405 4600 videntur
422 4542 523 4600 fontes.

1251 4645 1269 4707 b
