3366 5052
709 320 929 380 ...61-

236 491 331 577 gisae
362 509 444 575 quas
474 492 625 561 instituit
653 491 769 562 Cicero
800 492 936 560 ineunte
969 490 1053 559 libro
1084 492 1236 570 secundo,
1271 491 1402 560 minime

237 599 403 682 quadrant
433 598 477 667 ad
508 617 627 669 annum
661 599 753 668 urbis
787 599 941 669 conditae
971 598 1012 666 ol.
1044 605 1073 682 7,
1098 605 1133 683 2;
1168 598 1290 682 optime
1322 618 1401 668 vero

237 705 435 776 conveniunt
465 725 539 774 cum
560 705 659 776 Fabii
687 706 819 775 ratione
849 705 1079 791 chronologica
1107 704 1163 794 (ol.
1189 712 1218 783 8,
1251 711 1267 770 1
1291 725 1322 773 u.
1348 705 1401 791 c),

236 812 271 880 id
293 813 380 897 quod
401 813 523 897 primns
553 814 721 883 intellexit
751 813 932 882 Mommsen
954 813 989 881 in
1017 812 1093 880 Ohr.
1116 813 1159 880 R.
1182 832 1213 895 p.
1240 818 1300 878 141
1326 814 1401 880 adn.

238 926 312 987 261.
359 921 466 1008 Quam
489 921 753 992 observationem
775 940 850 989 esse
864 918 1084 990 rectissimam
1100 922 1257 987 accurate
1273 920 1403 987 demon·

236 1027 360 1097 stravit
399 1027 521 1114 Seeck,
556 1029 639 1097 Pab.
674 1027 798 1097 Pontii.
831 1048 863 1112 p.
898 1033 959 1093 102
991 1046 1079 1112 sqq.,
1118 1025 1172 1093 cui
1205 1026 1405 1111 adstipulati

236 1137 313 1202 sunt
344 1134 464 1203 Solteu
494 1136 692 1221 (1111111.
718 1142 791 1221 275,
827 1136 961 1204 Matzat
991 1135 1074 1203 Pab.
1107 1132 1184 1201 Ohr.
1215 1133 1257 1200 R.
1288 1154 1320 1217 p.
1350 1141 1401 1200 44.

236 1243 369 1329 Quare
391 1244 430 1310 fit
453 1243 664 1314 verisimilius
687 1241 861 1328 Polybium
883 1242 919 1310 in
940 1260 1055 1327 regum
1069 1240 1291 1308 Romanorum
1305 1242 1404 1310 rebus

237 1349 432 1417 enarrandis
462 1350 560 1417 Fabii
590 1351 728 1419 annales
756 1350 793 1418 in
814 1368 909 1420 usum
931 1367 1025 1417 suum
1047 1345 1260 1417 convertisse.
1304 1349 1403 1432 Poly·

235 1454 324 1523 bium
353 1475 417 1524 non
445 1456 550 1524 solum
577 1457 842 1543 chronologicum
869 1455 929 1525 sed
956 1454 1060 1523 etiam
1089 1454 1282 1523 historicum
1312 1456 1405 1525 Oice·

236 1562 325 1631 ronis
348 1562 451 1631 fuisse
474 1563 601 1633 iontem
625 1565 778 1634 discimus
801 1565 891 1633 inter
912 1583 950 1632 se
965 1566 1197 1647 comparantes
1213 1561 1404 1632 Ciceronem

236 1669 321 1737 der.
342 1691 373 1755 p.
399 1671 438 1738 Π
454 1676 506 1750 20,
529 1677 570 1736 35
595 1691 669 1740 cum
683 1670 822 1758 Polybio
837 1673 890 1744 Vl
906 1677 936 1756 2,
955 1677 1006 1736 10.
1053 1671 1128 1758 Qua
1142 1669 1272 1739 ratione
1288 1669 1405 1740 Cicero

235 1779 270 1844 in
307 1776 356 1844 rei
393 1777 545 1862 publicae
576 1779 633 1848 lib.
664 1782 704 1848 H
733 1783 867 1850 secutus
897 1779 944 1847 sit
974 1777 1148 1864 Polybium
1182 1783 1217 1846 et
1247 1778 1405 1862 quomodo

238 1883 377 1951 aliorum
409 1885 625 1955 immiscuerit
658 1887 843 1956 doctrinam
877 1884 1036 1969 explicuit
1070 1883 1233 1954 Schubert
1256 1886 1279 1952 l.
1302 1884 1325 1952 l.
1349 1883 1404 1968 (cf.

236 1989 345 2072 Scala,
371 1991 512 2062 Studien
534 1993 565 2062 d.
588 1993 706 2080 Polyb.
730 1995 751 2063 I
772 2015 804 2082 p.
830 1999 893 2059 233
917 1995 1000 2077 sqq.)

644 2191 674 2244 c
697 2173 753 2244 De
775 2169 991 2243 Plutarcho.

323 2277 366 2348 In
395 2279 570 2348 Plutarchi
599 2279 672 2352 vita
694 2279 827 2351 Romuli
849 2275 1066 2348 discernenda
1088 2280 1167 2345 suut
1190 2295 1231 2344 ea
1254 2296 1339 2361 quae
1361 2280 1406 2347 ud

239 2385 461 2470 antiquitates
490 2392 526 2455 et
553 2407 702 2472 eaquae
729 2388 773 2457 ad
795 2387 970 2456 historiam
992 2385 1099 2470 ipsam
1128 2383 1311 2467 pertinent.
1356 2389 1407 2456 Ut

237 2494 440 2564 Plutarchus
469 2494 540 2564 fere
572 2514 700 2581 semper
734 2496 769 2563 in
803 2492 998 2563 adhibendis
1032 2489 1179 2560 fontibus
1215 2492 1408 2562 eclecticam

239 2605 373 2668 secutus
401 2605 454 2669 est
480 2601 658 2688 rationem,
689 2602 801 2671 sicin
830 2601 894 2669 hac
925 2617 1052 2683 quoque
1081 2600 1303 2681 componenda
1333 2601 1407 2671 vita

236 2725 292 2774 eos
319 2708 425 2790 locos,
453 2709 510 2778 ubi
537 2709 578 2778 de
602 2709 749 2795 antiquis
771 2708 930 2792 moribus,
955 2706 996 2774 de
1018 2704 1186 2774 institutis
1209 2710 1280 2772 tum
1303 2709 1409 2778 sacris

239 2819 310 2883 tum
326 2815 473 2899 profanis
489 2837 596 2886 sermo
617 2820 680 2901 est,
703 2821 764 2885 aut
780 2836 798 2884 e
813 2816 966 2888 Varrone
982 2817 1042 2881 aut
1058 2831 1076 2880 1
1091 2813 1117 2880 J
1116 2812 1182 2879 uba
1197 2810 1408 2901 deprompsit,

238 2940 310 2989 cum
327 2941 367 2990 ea
383 2943 468 3006 quae
484 2926 528 2992 ad
547 2925 722 2995 historiam
736 2924 852 3010 ipsam,
876 2941 931 2990 res
955 2920 1041 2987 domi
1063 2917 1268 3003 militiaeque
1292 2927 1408 3007 gestas

237 3034 407 3115 spectant,
442 3051 483 3100 ex
512 3031 743 3101 historicorum
773 3029 925 3099 hauserit
956 3025 1100 3110 scriptis.
1152 3025 1357 3112 Quamquam
1387 3051 1409 3098 1

235 3137 382 3206 veritate
405 3140 563 3207 abhorret
590 3139 627 3208 O.
651 3142 690 3208 P.
714 3138 759 3209 A.
788 3136 949 3220 Schmidt,
977 3133 1036 3212 ,de
1063 3131 1211 3203 fontibus
1235 3136 1410 3206 Plutarchi

235 3244 271 3311 in
293 3243 373 3313 uitis
389 3246 522 3312 Romuli
545 3250 581 3314 et
595 3247 745 3316 Numue“
770 3267 802 3332 p.
821 3253 872 3312 12.
896 3245 992 3311 ratus
1016 3238 1116 3306 Fabii
1138 3240 1314 3313 annalibus
1336 3243 1409 3314 iun·

236 3352 426 3420 dementum
459 3354 517 3424 111
550 3353 646 3437 quasi
681 3373 759 3423 ossa
793 3352 887 3424 vitae
915 3348 1097 3419 Romuleae
1134 3346 1260 3439 deberi,
1295 3358 1409 3423 tamen

236 3459 452 3528 Plutarchum
485 3459 521 3528 in
542 3461 607 3529 hae
637 3461 710 3532 vita
744 3480 917 3560 nonmraro
943 3455 1042 3527 Fabii
1073 3455 1212 3522 annales
1246 3463 1409 3534 accivisse

236 3571 380 3634 constat.
428 3566 523 3653 Quae
539 3567 626 3636 enim
648 3567 725 3636 inde
740 3587 761 3636 a
774 3549 1107 3661 capitetertiousque
1124 3590 1167 3658 ad
1200 3574 1355 3642 octavum
1368 3571 1409 3640 de

236 3674 376 3741 Romulo
392 3679 427 3742 et
442 3676 547 3743 Remo
568 3675 836 3758 adulescentibus
859 3678 976 3759 tradit,
1001 3700 1113 3750 eorum
1136 3679 1312 3750 maximam
1334 3699 1409 3766 par·

236 3786 306 3850 tem
328 3782 425 3852 Fabii
448 3802 523 3852 esse
545 3782 791 3886 ipsefftestatur
809 3785 892 3873 inffc.
915 3794 935 3853 3
956 3793 992 3856 et
1014 3797 1046 3858 8.
1082 3791 1171 3858 Item
1194 3789 1229 3858 in
1252 3808 1409 3858 enarran-

236 3963 313 4016 tores
331 3957 448 4014 Numam
467 3964 517 4017 aut
534 3961 713 4034 Pythagorae
731 3961 819 4033 ipsius
838 3963 1002 4036 discipulum
1026 3971 1077 4023 aut
1102 3971 1179 4026 carte
1201 3967 1409 4039 Pythagoreum

236 4048 382 4105 uadentes
400 4048 596 4120 vituperantur
614 4051 649 4109 ci.
669 4053 715 4123 lo,
734 4054 768 4108 28
787 4067 849 4108 cunr
867 4054 927 4112 Pol.
945 4054 995 4124 VI,
1015 4057 1040 4124 1,
1059 4056 1102 4114 11.

486 4138 546 4196 Ρο1
1098 4143 1155 4204 (lic.

237 4224 271 4279 τὸ
281 4226 332 4300 γὰρ
345 4224 484 4281 ἀδύνατον
502 4229 533 4280 tu
545 4229 586 4295 τῷ
598 4225 690 4302 ψεύδει
707 4231 796 4299 μόνον
850 4247 884 4289 ee
905 4238 970 4289 sunt
992 4233 1065 4290 onim
1090 4235 1199 4293 demum
1221 4251 1276 4292 nou
1294 4235 1410 4292 ferenda

238 4313 294 4369 οὐδ)
307 4315 456 4387 ἀπολογίαν
472 4314 620 4385 ἐπιδέχεται
637 4332 694 4377 τοτε
709 4319 795 4395 ἁμαρ-
849 4321 879 4377 in
896 4319 1050 4394 mendddio,
1069 4339 1140 4394 qliae
1157 4341 1212 4382 11011
1231 4323 1321 4382 dolum
1342 4323 1410 4381 fidia

238 4406 354 4460 curvom.
850 4425 920 4480 esre,
939 4409 988 4468 sed
1012 4427 1047 4469 ne
1069 4413 1130 4472 fieri
1152 4412 1262 4485 quidem
1284 4412 1409 4485 potuisse

851 4499 995 4558 cernimus.

240 4585 312 4656 Alie,
332 4601 402 4656 queo
421 4587 500 4644 cddit
516 4585 561 4645 vir
579 4587 685 4660 doctus,
705 4588 856 4648 incertiora
872 4589 940 4648 milri
958 4605 1020 4651 1111
1038 4591 1175 4651 videntur.
