3410 5052
785 337 1006 395 ...11-

312 512 383 580 siue
405 509 589 578 nominibus
611 527 665 577 res
688 507 849 578 notauit.“
891 508 978 576 Plin.
994 530 1025 576 n.
1042 511 1074 577 h.
1092 510 1183 582 VHI
1202 517 1251 576 11.
1281 509 1386 593 „Oato
1410 530 1483 577 cum

313 621 548 701 imperatorum
571 617 702 684 nomina
725 617 900 685 annalibus
924 616 1141 685 detraxerit.“
1189 617 1329 684 Fabium
1358 636 1484 699 quoque

311 727 347 793 in
376 726 424 794 eis
454 725 574 792 saltem
603 724 711 809 operis
738 723 906 809 partibus,
935 744 1020 808 quae
1047 725 1091 792 ad
1117 728 1256 793 vetusta
1282 725 1484 807 spectabant

314 839 482 916 tempora,
520 832 606 898 banc
646 829 811 899 scribendi
848 831 1011 900 rationem
1046 849 1119 899 esse
1153 837 1302 899 secutum
1336 835 1485 899 testatur

312 941 429 1010 Livius
451 941 499 1024 X,
525 945 577 1022 37,
605 945 653 1002 14.
684 938 850 1022 „Fabius
879 940 987 1006 ambo
1015 939 1196 1006 consules
1224 940 1259 1006 in
1287 937 1421 1006 Samnio
1449 941 1485 1004 et

316 1048 359 1114 ad
381 1045 557 1114 Luceriam
585 1065 639 1113 res
663 1044 808 1144 gessisse
832 1047 963 1132 scribit,
987 1047 1241 1128 traductumque
1263 1047 1299 1114 in
1314 1045 1486 1112 Etruriam

315 1155 505 1238 exercitum,
531 1153 590 1219 sed
613 1154 656 1219 ab
679 1156 771 1220 utro
787 1155 921 1222 consule
935 1174 1001 1222 non
1016 1153 1200 1240 adicit.“¹⁶)
1224 1152 1484 1236 Antiquissimos

313 1281 390 1331 uero
428 1261 652 1352 Romanorum
691 1259 867 1329 historicos
907 1260 1128 1345 magistratus
1168 1279 1344 1345 eponymos
1386 1258 1485 1343 plane

313 1367 471 1448 omisisse,
497 1371 533 1434 et
549 1386 706 1434 annorum
722 1372 855 1435 tantum
870 1368 1069 1456 intervallis,
1095 1387 1179 1451 quae
1193 1368 1381 1434 intererant
1396 1365 1486 1432 inter

313 1495 366 1543 res
394 1478 578 1543 memoratu
606 1473 725 1558 dignas
752 1474 920 1558 posuisse,
955 1475 990 1543 id
1022 1477 1107 1558 quod
1137 1475 1201 1544 sibi
1230 1475 1327 1560 fingit
1357 1473 1484 1552 Soltau,

313 1583 376 1660 eis,
406 1601 491 1665 quae
514 1581 709 1665 protulimus
733 1582 774 1648 de
796 1580 895 1648 Fabii
923 1582 1124 1666 aliorumque
1151 1582 1283 1649 ratione
1311 1579 1485 1664 scribendi,

313 1689 506 1773 neutiquam
539 1689 780 1771 comprobatur.
828 1688 973 1758 Soltavii
1004 1688 1113 1772 opinio
1136 1689 1223 1757 omui
1246 1693 1341 1756 caret
1369 1686 1486 1754 bunda-

312 1800 439 1879 mento;
471 1796 604 1864 minime
634 1795 720 1862 enim
748 1795 961 1864 confirmatur
988 1796 1290 1879 antiquissimorum
1318 1795 1485 1863 annalium

313 1903 510 1989 fragmentis
535 1922 619 1985 quae
643 1906 792 1970 aetatem
808 1903 967 1969 tulerunt.
1005 1902 1199 1970 Falsissime
1214 1902 1341 1985 profert
1355 1903 1413 1969 ille
1428 1921 1485 1968 no-

313 2011 477 2078 tissimum
492 2010 575 2078 illud
590 2009 813 2096 fragmentum
828 2009 927 2076 Fabii
943 2008 1120 2094 cuiusdam,
1142 2011 1198 2094 qui
1212 2010 1337 2077 Latine
1351 2009 1486 2092 scripsit

312 2118 485 2186 historias.
524 2117 684 2202 Legimus
705 2117 792 2200 apud
815 2113 960 2184 Gellium
975 2117 1016 2184 N.
1033 2117 1076 2184 A.
1101 2118 1213 2198 V4,3.
1257 2115 1487 2202 „Quapropter

314 2232 385 2292 tum
408 2224 547 2308 primum
571 2244 612 2291 ex
641 2224 737 2307 plebe
768 2224 857 2291 alter
886 2224 999 2292 consul
1027 2223 1138 2292 factus
1166 2227 1234 2308 est,
1267 2223 1486 2292 duovicesimo

315 2351 400 2400 anuo
429 2336 605 2417 postquam
628 2332 768 2398 Romam
792 2329 886 2399 Galli
914 2335 1104 2414 ceperunt.“
1145 2330 1253 2417 Quid?
1290 2330 1485 2412 Numquis,

315 2439 400 2523 quod
423 2439 468 2506 'in
500 2440 561 2506 boc
593 2438 766 2506 enuntiato
796 2439 953 2521 temporis
983 2439 1197 2508 intervallum
1228 2441 1381 2522 notatur,
1415 2437 1486 2504 iure

314 2547 508 2624 concludat,
545 2564 617 2611 cum
650 2544 686 2612 in
716 2543 813 2611 Fabii
847 2550 918 2611 tum
951 2545 986 2612 in
1017 2546 1154 2613 aliorum
1184 2543 1487 2628 antiquissimorum

315 2653 512 2738 scriptorum
543 2651 719 2720 annalibus
750 2651 858 2720 fastos
888 2653 987 2736 plane
1018 2652 1185 2721 defuisse?
1235 2653 1337 2720 Falso
1369 2652 1487 2720 Soltau

315 2761 443 2830 Oatone
465 2763 556 2828 teste
571 2760 622 2827 uti
639 2763 787 2827 conatur.
827 2759 971 2830 Videtur
992 2760 1050 2827 ille
1072 2778 1108 2826 re
1131 2779 1213 2829 vera
1235 2760 1271 2827 in
1293 2759 1487 2842 quibusdam

317 2869 562 2954 ,‚Originum“
587 2867 740 2949 partibus
764 2886 923 2934 annorum
944 2866 1126 2935 intervalla
1149 2871 1359 2951 computasse
1382 2886 1488 2950 neque

315 2976 517 3060 singulorum
532 2993 692 3043 annorum
706 2974 816 3042 fastos
832 2973 1050 3057 adscripsisse
1066 2974 1121 3058 (cf.
1138 2973 1178 3041 fr.
1197 2979 1260 3058 84).
1295 2975 1487 3058 Respicien-

316 3082 392 3149 dum
422 3100 501 3150 uero
532 3087 584 3148 est
613 3080 765 3149 Oatonen
794 3100 859 3149 non
890 3081 1045 3165 annales,
1077 3080 1112 3148 id
1142 3088 1195 3150 est
1226 3081 1400 3149 historiam
1429 3101 1488 3164 per

316 3188 463 3273 singulos
487 3207 590 3255 annos
612 3207 667 3256 res
690 3193 806 3274 gestas
829 3195 1059 3274 recensentem
1078 3228 1120 3238 -
1140 3190 1203 3257 hoc
1222 3189 1397 3273 pollicetur
1416 3189 1488 3271 ipse

315 3296 436 3364 titulus
459 3294 598 3364 annales
622 3333 663 3343 -
688 3297 747 3363 sed
770 3296 914 3382 origines
938 3297 1158 3379 composuisse
1182 3315 1266 3380 quas
1289 3301 1325 3363 et
1348 3295 1488 3379 disposi-

315 3403 407 3472 tione
431 3408 467 3470 et
489 3403 695 3488 argumentis
718 3402 869 3471 nimirum
893 3403 1043 3473 diversas
1064 3403 1167 3473 fuisse
1182 3404 1225 3472 ab
1241 3403 1394 3487 operibus
1410 3422 1488 3473 uere

406 3616 443 3687 ¹⁶)
461 3616 494 3672 In
506 3616 708 3685 antiquissimis
720 3615 829 3686 publica
841 3615 927 3672 factis
936 3616 1038 3672 tabulis
1056 3647 1092 3657 —
1111 3616 1225 3672 1111111
1237 3615 1369 3672 maximos
1379 3616 1440 3672 dico
1454 3645 1487 3660 —-

314 3705 426 3762 nomina
445 3705 544 3762 ducum
562 3707 684 3764 defuisse
703 3707 859 3762 luculenter
877 3709 995 3776 apparot
1017 3704 1185 3776 comparatis
1211 3704 1286 3761 inter
1309 3721 1339 3761 11
1362 3704 1391 3761 O.
1411 3705 1436 3761 J.
1456 3704 1487 3760 L.

313 3795 328 3849 1
347 3794 455 3851 atr-30
480 3801 509 3851 et
526 3796 605 3853 Livio
624 3797 658 3865 X,
673 3799 715 3864 12,
734 3798 759 3852 3.
778 3795 826 3867 (cf.
839 3795 931 3864 Niese,
949 3795 984 3851 de
996 3794 1087 3851 annal.
1099 3793 1178 3850 Rom.
1196 3811 1222 3865 p.
1235 3794 1284 3851 IV.
1320 3795 1371 3850 Ed.
1384 3795 1488 3864 Meyer,

313 3885 332 3941 l.
351 3885 370 3940 l.
389 3901 415 3954 p.
435 3885 508 3956 611).
546 3887 605 3955 Quo
633 3886 662 3941 in
687 3885 771 3942 titulo
796 3885 901 3941 mentio
925 3884 959 3940 dt
976 3883 1052 3939 urbis
1071 3882 1213 3939 cuiusdam
1232 3884 1397 3940 Samniticao
1416 3885 1487 3940 alias

313 3973 443 4044 ignotae,
462 3973 508 4029 oui
531 3988 630 4030 nomon
655 3978 718 4030 erat
741 3972 869 4030 Cisauna.
913 3972 1044 4043 Suspicor
1062 3971 1177 4028 eandem
1194 3972 1290 4029 urbem
1308 3973 1397 4029 latero
1415 3974 1489 4043 apud

314 4062 465 4118 Diodorum
483 4063 536 4118 XX
557 4064 640 4119 28111
667 4064 826 4133 corruptelis
845 4064 1037 4135 „Kepavvaforr‘
1064 4060 1116 4133 (sid
1143 4060 1217 4116 Flor.
1246 4063 1421 4135 Κερανναίαν
1442 4062 1487 4119 vel

314 4152 498 4224 Κεραυνιλίαν
517 4153 552 4208 al.
572 4152 647 4224 libr.)
676 4151 767 4223 Stirps
792 4153 932 4224 „Kisaun“
958 4158 988 4210 et
1014 4151 1159 4222 „Keraun“
1179 4151 1275 4208 eadem
1294 4156 1345 4207 est
1382 4152 1488 4208 Rhota-

318 4240 402 4296 oismo
425 4240 515 4296 oritur
534 4243 581 4311 „r“
600 4240 675 4297 inter
693 4241 762 4297 duas
780 4243 900 4301 vocales.
937 4241 1054 4298 Accedit
1072 4241 1144 4310 quod
1162 4239 1383 4308 antiquissimam
1402 4240 1487 4312 scrip·

316 4334 408 4386 turam
435 4329 608 4400 „Ceisauna“
638 4330 727 4388 fuisse
752 4333 841 4389 credo.
885 4331 920 4388 cf.
946 4331 1069 4387 Niebuhr
1086 4331 1122 4387 Η.
1141 4330 1174 4385 R.
1193 4330 1244 4385 ΙΙΙ.
1263 4332 1317 4385 424
1345 4330 1407 4387 adu.
1427 4332 1486 4388 619.

316 4418 438 4476 Fundam
457 4419 677 4477 emendationem
696 4420 749 4476 sibi
772 4423 918 4493 arrogavit
942 4421 1058 4477 Sobillor
1084 4421 1113 4476 in
1131 4421 1211 4476 Burs.
1229 4419 1327 4475 Annal.
1347 4419 1418 4475 1887
1436 4420 1487 4476 111.

316 4524 343 4577 p.
363 4508 423 4565 aab.
459 4508 621 4565 Temeraria
646 4516 691 4566 est
714 4510 874 4567 coniectura
897 4510 1017 4580 Burgeri
1040 4510 1068 4565 in
1092 4509 1225 4566 Mnemos.
1243 4509 1323 4577 XVI,
1350 4525 1376 4578 p.
1396 4509 1420 4576 6,
1441 4509 1488 4577 qni

316 4597 445 4667 proponit
462 4605 495 4654 ut
512 4614 562 4668 pro
583 4600 799 4670 Κεραυναὶαν
818 4600 955 4657 scribatur
974 4597 1243 4672 Κουβυλτερίανέ
