3366 5052
709 256 926 314 „40-

235 429 398 516 gerebant
420 445 546 510 nomen,
562 426 653 494 inter
674 447 711 494 se
733 425 919 494 discernere
935 426 1087 495 debebat.
1111 428 1228 496 Mirum
1245 432 1403 510 quantum

236 539 352 606 emant
373 535 478 602 Peter
507 531 580 617 alii,
612 532 668 616 qui
696 532 794 602 nimis
817 538 937 620 urgent
968 553 1135 603 nnmerum
1164 535 1335 620 pluralem,
1367 539 1403 602 et

236 641 435 712 concludunt
463 641 526 707 boo
555 641 628 707 looo
658 639 739 708 duos
774 640 1010 726 intelligendos
1040 661 1115 710 esse
1144 642 1268 710 Fabios
1298 660 1403 725 aeque

229 756 340 834 atque
363 748 443 816 duos
467 746 606 816 Gellius.
644 746 749 834 Fugit
764 747 853 817 viros
876 747 992 817 doctos
1006 768 1067 833 pro
1089 767 1224 817 numero
1246 746 1406 835 singulari

236 856 397 945 pluralem
427 874 501 923 esse
531 853 717 921 adhibitum
747 854 924 923 seeundum
953 874 1047 925 nsum
1085 856 1219 944 linguae
1249 856 1404 940 Latinae,

237 963 438 1051 singularem
468 979 546 1029 vero
576 960 633 1044 qni
662 959 813 1043 sequitur
845 961 979 1047 „Fabii
1016 961 1132 1048 Gellii,
1166 964 1225 1031 sed
1259 962 1406 1049 proxime

238 1070 418 1142 Coelius¹⁴
443 1067 594 1155 flagitari
615 1067 823 1152 interpositis
846 1068 957 1137 verbis
984 1068 1061 1152 „sed
1083 1070 1260 1154 proxime“.
1300 1067 1406 1138 Simil-

237 1179 350 1248 limum
379 1175 508 1245 invenit
546 1175 727 1260 exemplum
765 1175 946 1262 Holzapfel
980 1176 1055 1245 Obr.
1085 1179 1127 1245 R.
1159 1199 1190 1263 p.
1225 1183 1288 1242 352
1319 1175 1407 1260 apud

238 1287 376 1371 Dionys.
389 1285 410 1352 I
423 1289 451 1350 7.
484 1285 703 1368 „nostrosque
725 1281 864 1366 Πόρκιός
886 1307 918 1348 τε
934 1282 1048 1350 Κάτων
1063 1290 1113 1349 καὶ
1130 1285 1245 1364 Φάβιος
1266 1283 1409 1364 Μάξιμος

239 1399 292 1459 καὶ
310 1393 504 1474 'maneque
527 1387 545 1455 ὃ
568 1386 703 1466 Ἀντιεὺς
730 1395 782 1454 καὶ
804 1394 958 1468 Λικίννιος
979 1390 1087 1475 Μάκερ
1109 1393 1212 1458 Αἴλιοί
1232 1415 1265 1456 τε
1290 1388 1409 1456 Γέλλιοι

241 1507 292 1567 καὶ
315 1498 529 1581 Καὶοιοὺρνιοι
551 1503 603 1562 καὶ
626 1496 724 1579 ἕτεροι
752 1503 862 1577 συχνοὶ
884 1508 979 1562 κτα.“
1014 1500 1107 1569 Duos
1130 1499 1258 1569 Gellios
1282 1515 1409 1582 quoque

239 1613 337 1678 notos
359 1605 463 1674 fuisse
487 1604 634 1689 antiquis
656 1603 860 1688 temporibus
887 1605 1056 1675 annalium
1083 1607 1263 1691 scriptores
1302 1601 1407 1686 suspi-

240 1719 338 1785 oatnr
359 1714 464 1782 Peter
485 1732 528 1780 ex
550 1711 651 1780 Nonii
673 1732 706 1796 p.
733 1718 795 1776 194
818 1713 876 1796 (Η.
900 1713 943 1780 R.
966 1714 1009 1782 R.
1032 1734 1064 1799 p.
1091 1715 1167 1800 175)
1190 1709 1409 1782 infirmissimo

240 1820 441 1892 testimonio.
491 1819 553 1905 „A.
578 1817 718 1904 Gellius,
741 1819 953 1888 historiarum
975 1821 1032 1889 lib.
1056 1822 1084 1889 Ι.
1111 1823 1196 1888 eto.“
1244 1817 1309 1906 Qui
1319 1817 1411 1884 loeus

240 1931 308 1999 iam
331 1928 387 1998 diu
409 1932 463 1997 est
485 1931 625 1996 sanatus
648 1925 839 1995 eouieotura
864 1925 1033 2011 „Aselliol
1055 1933 1091 1996 et
1105 1928 1209 1996 Peter
1230 1927 1264 1995 in
1288 1924 1412 1994 minore

242 2036 387 2105 editione
414 2056 445 2121 p.
470 2041 510 2100 97
542 2032 586 2103 A.
619 2032 764 2103 Gellium
793 2033 864 2118 ipse
895 2053 913 2102 e
946 2034 1052 2104 medio
1075 2034 1224 2104 sustulit.

329 2145 371 2216 V.
394 2142 447 2230 (ir.
473 2141 560 2224 6P.)
584 2139 681 2210 Gell.
705 2139 748 2205 N.
772 2140 816 2208 A.
841 2142 883 2226 V,
902 2147 931 2218 4,
946 2142 1045 2208 albi
1066 2142 1304 2226 ιοοοιὶιίοιοοι
1318 2138 1414 2204 Fabii

242 2251 393 2335 amoos,
427 2249 524 2315 bonae
557 2253 649 2331 otqoe
682 2248 823 2314 ιιῗιιοονοο
856 2249 1023 2315 adamatis
1052 2250 1140 2327 tort,
1169 2268 1245 2332 quos
1273 2246 1414 2313 venditor

241 2360 311 2428 ebo
333 2355 455 2424 modis
477 2375 545 2421 esse
568 2355 776 2422 contendebat.
816 2394 860 2404 -
902 2355 1090 2424 Ostendebat
1114 2355 1341 2442 promeantibus
1367 2353 1415 2418 ito

242 2465 395 2548 seriptum
416 2461 452 2527 br
478 2461 556 2527 bbro
585 2466 704 2544 qaorto.
765 2461 961 2546 Quapropter
994 2468 1061 2528 toro
1089 2463 1231 2546 priorem
1264 2482 1303 2527 oo
1326 2460 1416 2544 plebe

243 2572 324 2640 οῑίιι
357 2568 466 2638 mosol
495 2569 604 2654 foetos
636 2573 701 2646 est,
735 2568 940 2636 οιιοοίοιοιῗοιο
970 2590 1054 2637 obbo
1079 2575 1247 2654 postquem
1280 2568 1416 2635 Βοοιοιιι

247 2678 337 2746 aaut
358 2681 514 2761 οοοονιοιι.

334 2786 540 2874 Quamquam
571 2802 589 2852 e
620 2783 720 2851 Fabii
754 2783 924 2853 cniusdam
954 2784 1087 2853 Latinis
1124 2784 1300 2854 annalibus
1329 2785 1417 2852 buno

245 2896 353 2963 looum
376 2911 450 2959 esse
473 2891 698 2976 depromptum
722 2895 871 2975 apparet,
896 2895 1010 2960 tamen
1031 2892 1123 2961 nulla
1154 2897 1207 2960 est
1231 2910 1332 2960 eausa
1358 2907 1418 2958 our

247 3001 291 3070 ad
313 2998 412 3068 Fabii
426 2996 604 3065 Pistoris
619 2995 762 3065 Latinos
777 2997 980 3084 refugiamus
996 2999 1145 3067 annales.
1186 2999 1314 3068 Scimus
1330 2997 1416 3066 enim

247 3107 303 3196 (ol.
311 3108 425 3189 Peter,
438 3104 669 3192 pul-115)
677 3104 817 3174 Fabium
828 3105 1007 3174 Maximum
1018 3125 1145 3191 quoque
1156 3106 1299 3175 Latinos
1307 3104 1416 3174 condr-

248 3217 337 3286 disse
349 3213 496 3281 annales.
532 3211 587 3299 (cf.
601 3211 694 3282 Seru.
708 3213 752 3281 ad
766 3214 870 3299 Verg.
882 3212 967 3282 Aen.
980 3214 1010 3297 Ι,
1024 3219 1043 3279 3
1057 3216 1137 3300 eto.)
1172 3216 1266 3301 Quae
1278 3231 1350 3280 oum
1365 3212 1416 3280 ita

248 3323 334 3408 siut,
359 3324 493 3390 secutus
517 3319 561 3387 dn
582 3319 669 3388 Rieu
691 3340 721 3405 p.
747 3324 808 3385 397
842 3320 990 3404 aliosque
1013 3321 1074 3388 hoo
1097 3321 1319 3408 fragmentum
1342 3320 1417 3388 Ser·

248 3429 373 3498 viliano
410 3425 563 3496 adiudioo
598 3425 689 3495 euius
724 3427 861 3495 annales
895 3427 931 3495 in
964 3427 1066 3496 libros
1100 3428 1203 3496 fuisse
1239 3427 1418 3512 dispositos

249 3539 399 3603 testatur
421 3531 557 3604 Servius
580 3532 624 3599 ad
646 3533 748 3620 Verg.
770 3534 856 3602 Aen.
872 3536 901 3619 I,
919 3541 949 3599 3.
986 3534 1070 3605 Sunt
1093 3530 1220 3619 quoque
1241 3534 1307 3604 viri
1329 3534 1418 3602 docti

250 3643 305 3728 (of.
329 3641 439 3709 Peter.
462 3642 502 3707 Il.
526 3639 572 3708 H.
589 3640 631 3707 R.
654 3658 686 3723 p.
711 3641 972 3728 GLXXVIIH)
992 3642 1048 3726 qui
1071 3643 1159 3726 apud
1181 3640 1327 3711 Gellium
1354 3660 1419 3708 non

250 3747 391 3816 Fabium
414 3747 577 3830 quendam
598 3746 801 3815 Pictorem
827 3749 1080 3834 intelligendum
1107 3767 1181 3818 esse
1208 3768 1250 3818 ex
1276 3769 1315 3817 eo
1343 3767 1418 3816 oon·

251 3855 399 3938 eludant,
430 3855 515 3936 quod
546 3854 783 3941 grammaticus
814 3855 872 3922 ille
901 3855 1084 3940 ubicunque
1110 3853 1256 3925 Pistoris
1286 3855 1419 3940 aliquod

250 3962 369 4031 laudat
392 3978 472 4044 opus
504 3980 633 4047 semper
663 3961 758 4031 addit
789 3980 1015 4049 cognomen,
1048 3981 1121 4030 oum
1142 3964 1204 4032 boo
1226 3965 1298 4032 looo
1321 3962 1420 4030 Fabii

251 4074 383 4138 tantum
406 4067 553 4136 nominet
576 4069 724 4139 annales.
763 4069 853 4138 Huio
876 4087 1004 4154 quoque
1027 4075 1222 4156 argumento
1244 4069 1297 4139 uis
1321 4088 1419 4153 quae·

252 4176 328 4246 dam
351 4175 509 4260 denegari
530 4177 654 4260 nequit.

340 4283 491 4356 Vidimus
515 4284 623 4353 adhue
644 4303 751 4370 noque
771 4283 973 4353 testimoniis
992 4302 1099 4367 neque
1119 4284 1316 4372 fragmentis
1336 4303 1420 4354 oom-

252 4390 385 4475 probari
411 4390 552 4460 Latinos
583 4394 722 4462 annales
753 4413 774 4461 a
804 4391 911 4461 Fabio
942 4393 1082 4476 quodam
1112 4393 1247 4461 Pictore
1277 4392 1419 4476 scriptos

253 4497 365 4570 fuisse.
411 4499 537 4570 Restat
559 4517 642 4569 unus
663 4500 765 4568 loeus.
