3366 5052
766 295 986 354 ...48-

291 488 311 534 a
337 487 373 534 se
400 467 543 535 adhibiti
565 468 701 535 reddere
716 467 895 534 Diodorum
918 465 1098 534 verisimile
1122 469 1184 532 est.
1223 465 1344 532 Procul
1364 463 1462 531 dubio

294 573 401 641 Fabio
425 575 559 657 eiusque
582 575 791 660 aequalibus,
816 574 872 656 qui
896 574 1025 642 Graece
1050 573 1253 656 scripserunt
1276 571 1388 655 populi
1411 570 1463 638 sui

292 701 346 749 res
361 686 486 766 gestas,
502 701 568 749 non
583 685 655 748 tam
670 680 770 748 facile
786 699 884 763 quam
899 679 1088 749 auctoribus
1102 679 1243 750 Graccis
1257 678 1464 748 accedebant

293 788 432 857 ubertas
456 793 492 855 et
519 788 613 872 copia
636 790 818 857 verborum.

379 895 440 962 Eis
464 914 549 977 quae
577 894 684 962 adhuc
715 894 955 978 disputavimus
988 913 1060 962 cum
1091 894 1232 962 nondum
1262 892 1348 961 satis
1379 909 1464 959 com-

291 1005 452 1087 probetur
467 1001 648 1070 Diodorum
660 1002 865 1086 excerpsisse
880 1001 977 1069 Fabii
991 1001 1136 1070 Pictoris
1149 1001 1299 1072 Graecos
1314 1000 1464 1083 annales,

290 1111 357 1176 iam
381 1109 683 1194 circumspiciamus
714 1129 791 1177 num
819 1109 887 1176 alia
911 1109 1033 1178 addere
1063 1109 1225 1192 possimus
1256 1109 1465 1194 argumenta,

291 1235 377 1300 quae
397 1216 554 1285 maiorem
568 1218 752 1301 praebeant
768 1215 989 1301 persuadendi
1003 1215 1253 1295 necessitatem
1271 1218 1369 1299 atque
1385 1221 1416 1278 in
1435 1237 1466 1278 o-

292 1343 329 1392 os
359 1323 565 1408 potissimum
596 1324 685 1392 locos
716 1329 947 1393 convertamus
979 1323 1123 1391 animum
1152 1342 1232 1407 opus
1263 1326 1316 1390 est
1347 1321 1465 1405 quihus

295 1430 467 1499 annalium
494 1430 638 1514 scriptor
668 1450 689 1498 a
714 1430 861 1498 Diodoro
889 1430 1058 1498 adhibitus
1084 1430 1195 1515 gentis
1222 1428 1349 1497 Fabiae
1374 1427 1468 1496 landi

299 1538 472 1623 indulgere
487 1537 628 1605 videtur.
660 1537 702 1604 In
716 1537 811 1605 libris
823 1537 1002 1606 XI—XX
1015 1536 1181 1604 Diodorus
1203 1536 1328 1604 nullum
1349 1535 1469 1603 laudat

293 1649 466 1712 auctorem
489 1645 689 1726 Romanum,
721 1663 794 1711 cum
824 1645 859 1711 in
886 1643 1084 1729 fragmentis
1106 1643 1184 1712 libri
1205 1643 1278 1714 VII
1302 1643 1346 1710 ad
1368 1641 1467 1710 Fabii

296 1755 455 1836 provocet
478 1750 725 1818 auctoritatem.
771 1750 885 1818 Nihilo
913 1752 1019 1818 setius
1043 1750 1186 1834 cogitari
1208 1754 1322 1835 potest
1345 1749 1468 1817 Diodo-

296 1878 367 1925 rum
390 1857 425 1924 in
448 1857 497 1924 cis
513 1876 639 1940 quoque
654 1856 748 1925 libris
773 1857 947 1940 dequibus
971 1858 1099 1943 agimus
1116 1878 1157 1926 ex
1180 1859 1294 1926 eodcm
1315 1857 1468 1925 hausisse

299 1968 435 2031 auctore
458 1964 655 2046 praesertim
683 1982 756 2031 cnm
783 1964 956 2048 prImarios
982 1964 1093 2033 fontes
1119 1965 1189 2032 tere
1213 1982 1388 2048 numquam
1411 1982 1468 2031 no·

296 2070 383 2138 mine
419 2071 557 2138 laudare
592 2072 716 2152 soleat,
753 2070 795 2138 ct'.
827 2071 1008 2139 Mommsen
1042 2074 1084 2140 R.
1115 2074 1144 2139 F
1178 2073 1217 2138 H
1247 2092 1278 2155 p.
1311 2077 1467 2152 273l274.

297 2180 460 2246 Fortasse
483 2197 562 2246 vero
594 2179 780 2263 continget,
811 2183 850 2245 ut
880 2180 968 2247 tales
998 2178 1238 2264 investigemus
1268 2199 1323 2247 res
1351 2179 1468 2262 quibus

296 2284 437 2352 Faqum
459 2283 628 2352 Plctorcm
650 2285 788 2352 Diodori
810 2285 937 2353 fontem
963 2285 1067 2354 tuisse
1091 2286 1181 2352 clare
1214 2285 1466 2353 demonstretur.

385 2393 414 2458 Ι.
440 2390 584 2458 Constat
599 2392 767 2459 Romanos
782 2392 877 2462 Veiis
894 2393 1003 2476 captis
1019 2392 1149 2478 legatos
1165 2393 1312 2476 Delphos
1327 2392 1468 2471 misisse,

298 2498 354 2581 qui
377 2496 527 2581 Apollini
555 2503 721 2565 crateram
748 2517 884 2567 auream
911 2499 994 2567 dono
1023 2499 1159 2567 torrent.
1207 2499 1281 2586 Qua
1311 2500 1351 2566 de
1378 2500 1470 2584 lega·

297 2605 389 2673 tione
401 2605 566 2672 Diodorus
579 2605 682 2688 (XIV
692 2606 747 2691 93)
760 2606 921 2689 copiosius
933 2611 970 2673 et
985 2605 1091 2674 insius
1103 2604 1215 2688 prodit
1226 2623 1324 2688 qnam
1336 2606 1376 2673 de
1387 2605 1470 2688 ipsis

300 2712 395 2785 Veiis
419 2712 539 2794 captis.
586 2713 626 2780 Fi.
651 2732 683 2797 g.
707 2712 872 2780 Diodorus
899 2713 979 2780 item
1009 2717 1111 2796 atque
1133 2713 1222 2796 App.
1246 2713 1275 2779 d.
1298 2714 1365 2780 reb.
1389 2712 1470 2780 Ital.

298 2819 339 2886 fr.
353 2820 455 2902 VIII,
469 2823 635 2886 crateram
648 2839 669 2886 a
680 2820 839 2888 Romanis
851 2821 1000 2902 Delphos
1012 2819 1147 2887 missam
1157 2819 1193 2885 in
1204 2819 1472 2888 Massalionsium

300 2926 457 2993 thesauro
471 2945 545 2994 esse
562 2926 745 3009 depositam
761 2933 888 3006 ramat,
905 2944 978 2993 cum
993 2931 1119 3002 auctor,
1144 2945 1240 3009 quem
1255 2927 1372 2996 Iivius
1385 2927 1417 2996 V
1431 2932 1471 2991 28

300 3037 434 3100 secutus
469 3037 538 3116 est,
575 3033 616 3100 de
650 3034 738 3118 loco,
773 3035 830 3102 ubi
863 3034 982 3100 donum
1015 3033 1123 3118 legati
1156 3034 1401 3114 collocaverint,
1425 3033 1474 3101 nil

303 3139 472 3207 addidisse
480 3139 644 3208 videatur.
661 3141 792 3208 Auctor
799 3140 1085 3226 igituraDiodoro
1094 3145 1273 3224 usmpatus
1281 3140 1473 3208 rerumDel-

300 3246 471 3331 phicarnm
486 3253 543 3312 sat
562 3265 686 3331 gnarus
705 3246 809 3316 irrisae
831 3247 998 3331 putandus
1020 3252 1083 3314 est.
1127 3247 1254 3316 Scimus
1269 3265 1348 3315 vero
1367 3247 1474 3332 ipsum

302 3354 443 3421 Fabium
452 3353 619 3421 Pictorem
633 3354 689 3436 qui
698 3354 829 3423 Graece
842 3353 977 3439 scripsit
989 3354 1148 3422 historias
1161 3359 1238 3438 post
1251 3352 1378 3422 cladem
1387 3354 1474 3423 Oan-

301 3479 436 3529 nonsem
448 3462 492 3528 ad
500 3460 666 3528 oraculum
674 3461 823 3544 Delphos
833 3480 907 3529 esse
917 3462 1097 3529 missumut
1106 3461 1347 3546 sciscitaretur,
1357 3462 1475 3545 quibus

302 3567 457 3651 precibus
474 3566 708 3650 supphciisque
724 3567 802 3636 deos
817 3570 953 3653 placare
969 3575 1105 3652 possent
1120 3567 1272 3636 Romani.
1312 3567 1367 3652 (cf.
1384 3566 1474 3653 App.

302 3674 449 3742 Hannib.
464 3680 515 3750 27,
528 3674 619 3740 Plut.
636 3674 719 3740 Fah.
737 3680 776 3738 ta
792 3676 867 3744 Liv.
885 3675 1001 3742 XXII
1018 3681 1070 3752 57,
1090 3683 1123 3758 53
1140 3676 1275 3742 XXIII
1294 3682 1344 3758 11,
1364 3676 1475 3761 1-6.)

392 3783 439 3847 II.
464 3782 571 3847 Plane
588 3781 835 3850 consentientes
852 3801 963 3851 omnes
979 3782 1049 3850 fere
1064 3783 1203 3850 tradunt
1219 3788 1372 3849 auctores
1388 3800 1474 3850 anno

306 3893 387 3957 ante
409 3906 553 3972 pugnam
567 3887 752 3956 Alliensem
768 3889 935 3957 Romanos
959 3895 1031 3958 tres
1046 3891 1088 3955 M.
1104 3889 1203 3957 Fabii
1218 3888 1376 3957 Ambusti
1390 3888 1475 3957 filios

304 3994 391 4078 (Idu.
406 3994 448 4072 V,
474 3993 531 4075 35)
555 3995 684 4064 misisse
708 3995 764 4077 qui
787 4000 924 4063 senatus
947 3997 1077 4064 nomine
1101 4015 1175 4064 cum
1190 3995 1300 4065 Gallis
1324 4000 1474 4082 agerent.

303 4100 394 4188 Quos
417 4101 549 4186 legatos
578 4102 630 4170 ius
658 4102 807 4188 gentium
835 4103 1002 4172 violantes
1024 4103 1148 4187 proeho
1176 4105 1266 4171 inter
1294 4102 1410 4171 Gallos
1440 4107 1475 4171 et

305 4207 457 4277 Olusinos
481 4213 632 4277 conserto
657 4229 750 4277 arma
773 4209 901 4293 cepisse
924 4210 1039 4293 itaque
1062 4228 1163 4294 penes
1178 4211 1318 4279 Fabiam
1341 4214 1475 4296 gentem

305 4314 435 4399 culpam
457 4315 538 4382 belli
561 4315 686 4383 Gallici
713 4316 827 4386 fuisse.
874 4317 976 4402 Apud
998 4317 1177 4386 Diodorum
1205 4319 1309 4400 (XIV
1336 4322 1411 4401 113)
1435 4317 1476 4385 de

306 4421 429 4489 duobus
457 4424 589 4489 tantum
618 4441 725 4490 sermo
753 4429 806 4491 est
828 4425 963 4510 legatis,
993 4444 1074 4509 quos
1102 4446 1120 4493 e
1148 4431 1248 4511 gente
1275 4424 1383 4492 Fabia
1410 4444 1476 4492 non

306 4527 418 4608 tuisse,
447 4547 644 4611 quamquam
671 4529 803 4598 nomina
831 4531 995 4599 Diodorus
1023 4551 1088 4601 non
1115 4531 1252 4615 profert,
1280 4531 1475 4608 rectissIme,
