3366 5052
704 792 709 804 Ι
730 713 852 814 Vita.

299 911 478 981 Ohemnitii
505 912 670 986 Senonum
699 917 784 980 ando
812 913 846 980 h.
873 891 901 980 s.
930 913 1070 986 LXVII
1090 910 1245 982 'Joannes
1272 914 1377 982 Theo·

211 1019 309 1088 dorus
339 1020 452 1089 Bader
484 1021 589 1089 lucem
620 1020 757 1105 adspexi
791 1025 892 1090 natus
926 1024 1023 1104 patre
1057 1020 1238 1106 Theodoro,
1270 1026 1377 1089 matre

210 1125 368 1213 Augusta
391 1127 432 1197 de
454 1131 556 1214 gente
570 1127 745 1197 Ncumann
760 1132 973 1212 praematura
993 1131 1099 1196 morte
1114 1127 1194 1196 mihi
1217 1129 1375 1212 abreptis.

208 1232 325 1302 Fidem
347 1234 503 1319 profiteor
518 1235 755 1322 evangelicam.
793 1234 1006 1304 Rudimentis
1021 1235 1210 1304 litterarum
1232 1235 1380 1330 imbutus

208 1341 298 1409 inter
326 1341 502 1426 discipulos
529 1342 695 1428 gymnasii
719 1341 975 1411 Ohemnitiensis
1004 1362 1074 1412 sum
1105 1346 1267 1438 receptus.
1315 1341 1377 1411 Oui

208 1449 340 1517 scholae
363 1448 501 1533 primum
525 1449 633 1536 Vogel
655 1449 772 1518 deinde
787 1450 951 1518 Wohireb
974 1455 1011 1518 et
1034 1449 1175 1520 Gehlert
1197 1454 1376 1535 praeerant

207 1555 360 1642 magistri
383 1555 511 1642 egregii
533 1555 719 1641 optimeque
749 1557 789 1625 de
812 1576 864 1625 me
888 1555 1009 1624 meriti.
1052 1555 1263 1625 Maturitetis
1278 1555 1375 1624 testi-

207 1663 316 1732 monio
343 1662 527 1732 instructus
554 1663 806 1734 universitatem
828 1662 1034 1749 Lipsiensem
1063 1663 1189 1732 accessi
1214 1668 1253 1732 ut
1275 1663 1375 1748 philo-

206 1770 323 1857 logieis
345 1770 553 1855 potissimum
575 1774 612 1838 et
634 1770 802 1840 historicis
819 1790 869 1838 me
885 1771 998 1838 darem
1014 1770 1142 1840 studiis.
1181 1771 1247 1840 His
1263 1770 1375 1838 decem

206 1878 419 1947 semestrr'bus
455 1877 523 1946 adii
557 1879 687 1948 scholas
721 1863 1018 1948 illustrissimorum
1053 1877 1196 1948 virorum
1230 1877 1373 1958 Bahder,

205 1985 369 2072 Bureseh,
407 1984 593 2071 Oichorius,
627 1987 740 2068 Erler,
775 1987 943 2072 Hanssen,
978 1985 1118 2071 Heinze,
1154 1985 1374 2072 Hildebrand,

204 2092 370 2178 Immisch,
393 2094 535 2180 Koegel,
565 2093 716 2180 Lipsius,
746 2094 889 2176 Masius,
921 2093 1208 2177 Maurenbrecher,
1240 2092 1373 2178 Ratzel,

204 2199 364 2282 Ribbeck,
388 2201 538 2286 Richter,
562 2201 695 2288 Rohde,
719 2200 909 2288 Schneiber,
933 2191 1168 2287 Wachsmuth,
1188 2199 1373 2282 Windiseh,

203 2309 343 2378 Wundt.
381 2308 548 2395 Philologi
569 2308 798 2393 proseminarii
820 2308 1005 2377 rectoribus
1020 2309 1156 2393 Lipsius
1172 2312 1207 2378 ct
1222 2307 1374 2377 Ribbeck
1408 2323 1415 2338 ¹

201 2435 262 2502 per
295 2416 371 2494 duo,
413 2416 581 2486 seminarii
614 2436 674 2502 per
707 2418 775 2485 tria
809 2417 984 2486 semestria
1021 2417 1171 2502 Lipsius,
1211 2415 1373 2501 Ribbeck,

202 2524 423 2592 Wachsmuth
445 2523 683 2593 moderantibis
707 2524 825 2593 exstiti
841 2524 966 2593 sodalis
982 2514 1177 2592 ordinarius.
1208 2522 1266 2591 Ad
1281 2541 1372 2591 exer·

203 2630 384 2700 citationes
407 2632 606 2702 societatum
629 2650 762 2701 suarum
777 2631 963 2718 philologas
978 2631 1140 2711 Ribbeck,
1164 2629 1372 2713 antiquariae

201 2745 237 2808 et
259 2739 437 2809 historicas
460 2739 595 2824 Iipsius
623 2744 659 2808 et
682 2740 904 2810 Wachsmuth
935 2727 1077 2826 henigne
1108 2737 1187 2806 mihi
1217 2737 1372 2821 permise-

201 2851 280 2915 runt
304 2846 441 2917 aditum.
487 2848 529 2916 In
552 2847 784 2916 Ribbeckiana
813 2846 989 2925 biennium,
1012 2846 1047 2915 in
1070 2843 1372 2913 Wachsmuthiana

201 2958 236 3022 et
258 2953 421 3039 Lipsiana
443 2973 503 3039 per
524 2953 604 3022 hina
626 2954 803 3024 semestris
819 2972 952 3039 operam
975 2953 1101 3022 litteris
1123 2950 1257 3021 navari.
1291 2951 1371 3020 Jam

199 3079 278 3131 vcro
294 3061 418 3131 sodalis
441 3060 487 3129 fui
504 3060 674 3130 seminarii
688 3061 840 3132 historici
851 3060 1044 3130 moderante
1059 3059 1370 3142 Maurenbrecher03

199 3173 376 3253 praeterea
397 3174 437 3238 ut
459 3168 657 3238 interessem
687 3167 983 3239 exercitationibus
1010 3166 1179 3236 historicis
1206 3165 1371 3235 concessit

198 3275 278 3343 mihi
300 3275 408 3354 Erler‚
432 3275 586 3346 Richtcri
610 3276 787 3346 seminario
816 3275 1043 3363 paedagogice
1064 3271 1168 3344 ‘etiam
1190 3291 1277 3342 nunc
1299 3292 1371 3342 snm

199 3383 388 3469 adscriptus
423 3383 558 3453 sodalis.
614 3382 921 3454 Exercitationibus
954 3401 1033 3453 vero
1066 3380 1249 3467 historicis,
1288 3398 1370 3465 quas

199 3489 286 3575 regit
302 3488 473 3558 (dichorius
488 3490 555 3559 iam
570 3491 720 3575 quintum
735 3493 797 3561 hoc
817 3492 977 3560 intersum
1001 3493 1170 3566 semestre,
1194 3492 1370 3575 praeterea
1415 3538 1418 3543 -

197 3597 355 3666 societati
376 3597 632 3668 Immischianae
654 3618 741 3668 nunc
764 3599 968 3668 adnumeror.

288 3703 415 3791 Quibus
439 3707 565 3788 quanta
589 3704 726 3774 debeam
748 3706 830 3776 viris
851 3705 1051 3775 doctissimis
1073 3703 1173 3772 inane
1195 3706 1248 3770 est
1263 3700 1368 3770 laudi-

196 3809 257 3880 bus
288 3812 465 3898 extollere‚
505 3811 682 3899 praecipue
712 3832 791 3884 uero
822 3813 1077 3883 Wachsmuthio
1109 3813 1144 3878 et
1171 3808 1365 3886 Ribbcekio,

198 3919 254 4004 qui
276 3918 390 3988 studia
413 3938 486 3987 mea
509 3919 669 4005 imprimis
689 3919 857 3998 fovebant,
885 3920 1016 4007 gratias
1038 3938 1102 4006 ago
1124 3915 1286 3986 maximas
1306 3935 1368 3985 nec

195 4046 260 4094 non
283 4026 448 4111 Oichorio,
473 4026 529 4112 qui
558 4046 610 4096 me
641 4027 685 4096 ad
714 4027 850 4096 litteras
873 4027 1052 4097 historicas
1076 4025 1290 4095 accedentem
1312 4042 1367 4109 op-

195 4133 276 4202 time
306 4138 342 4202 et
374 4154 500 4204 summa
524 4135 684 4207 comitate
707 4134 874 4208 adiuuerit
897 4117 1089 4218 semperque
1111 4131 1224 4202 fautor
1245 4130 1291 4201 mi
1313 4150 1366 4200 ex·

194 4241 324 4310 stiterit
346 4241 510 4329 egregius.

646 4475 911 4503 ...m-04...—
