3410 5052
721 285 916 340 ..8-

235 458 349 539 Meyer
376 476 395 522 e
422 455 550 522 Latina
580 455 811 540 „Fuscorum“,
842 456 928 523 idem
959 457 1066 533 ualet,
1098 457 1183 538 quod
1211 474 1310 538 supra
1336 454 1404 520 iam

134 627 137 634 .
235 563 344 630 monui
366 563 407 630 de
431 567 566 629 auctore
588 563 737 629 Romano
754 562 884 630 Graece
907 563 1082 629 scribente.

324 671 386 742 IV.
421 669 557 736 Incolae
573 669 819 740 Veliternarum
842 669 933 735 urbis
956 671 1047 741 XIV
1066 675 1126 734 102
1150 667 1405 749 ,,οὐελιυρίυου“

236 777 447 860 appellantur
470 795 491 844 a
506 776 661 861 Diodoro,
686 797 758 844 cum
774 777 962 859 Stephanus
979 777 1164 861 Byzantius
1180 780 1298 861 poscat
1321 775 1405 853 „ibe

237 888 290 966 τῆς
320 885 444 966 χώραςιι
478 883 724 967 Βελιεραυόν.11)
771 885 918 952 Eandem
949 885 1147 968 scripturam
1182 885 1283 952 etiam
1318 885 1406 967 apud

236 991 423 1059 Diodorum
438 991 608 1058 lenissima
631 993 872 1060 restituendam
896 1011 970 1059 esse
994 993 1185 1059 coniectura
1207 992 1405 1062 verisimilli-

236 1119 323 1166 mum
358 1103 420 1166 est.
475 1098 512 1166 Si
542 1117 620 1167 vero
652 1099 786 1182 scripsit
815 1099 980 1166 Diodorus
1010 1097 1275 1182 ..οὐελιτρίυονς
1307 1100 1407 1182 plane

236 1207 329 1274 nulla
369 1210 421 1273 est
461 1224 578 1284 causa,
621 1225 679 1272 cur
709 1207 842 1289 Meyero
878 1207 1076 1290 adstipulati
1110 1206 1406 1288 ,,οίελιτρίυυυ“ο

236 1313 363 1381 Latina
396 1312 535 1380 nominis
569 1313 674 1381 torma
710 1332 794 1395 quae
833 1317 886 1380 est
920 1314 1105 1398 Veliterni,
1147 1319 1297 1381 exortam
1333 1331 1407 1381 esse

238 1425 436 1490 statuamus.
1489 1405 1491 1412 ’

327 1528 369 1599 V.
404 1527 496 1597 XIV
521 1531 561 1590 96
594 1528 634 1594 de
666 1528 763 1594 rebus
790 1527 950 1594 Romanis
977 1529 1060 1595 haec
1090 1528 1200 1611 prodit
1227 1528 1405 1594 Diodorus:

237 1633 380 1711 „succidi
389 1633 445 1714 τὴν
456 1631 587 1698 Ἰταλίαν
599 1631 747 1710 Ῥωμαῖοι
763 1639 951 1698 Φαλίσκον
965 1635 1058 1699 πόλιν
1068 1633 1127 1724 [ἐκ]
1137 1643 1195 1700 ποῖ
1211 1641 1408 1699 Φαλίσκων

238 1742 353 1817 ἔθνους
382 1740 473 1826 (libb.
502 1742 894 1824 Φίλισκον-Φολαικῶν)
918 1743 1162 1825 §santuanensi
1210 1743 1316 1830 Quam
1343 1741 1408 1808 for·

238 1867 326 1916 mam
351 1852 506 1911 Φαλίσκον
528 1867 569 1914 ne
592 1847 678 1915 fonti
693 1849 817 1915 Latine
841 1849 964 1932 scripto
989 1851 1221 1933 attribuamus,
1246 1868 1285 1916 eo
1308 1849 1408 1932 impe·

240 1956 359 2039 111111111,
388 1954 473 2036 quod
496 1954 663 2039 oppidum,
693 1955 745 2022 cui
772 1975 889 2022 nomen
917 1960 970 2023 est
992 1957 1159 2041 Faliscus,
1183 1976 1343 2038 nusquam
1366 1957 1409 2022 ab

240 2061 431 2130 auctoribus
447 2061 582 2129 Latinis
598 2065 880 2129 commemoratur.
920 2063 1124 2131 Faliscorum
1146 2065 1260 2131 urbem
1283 2081 1410 2146 semper

240 2170 412 2254 appellant
447 2168 598 2238 Falerios
632 2168 765 2251 Latini,
807 2171 960 2250 Φαλέριον
993 2171 1047 2239 vel
1084 2177 1252 2254 Φαλερίους
1287 2170 1411 2240 Graeci

239 2281 402 2345 auctores.

330 2381 493 2466 Oppidum
520 2401 597 2451 uero
626 2381 729 2449 fuisse
756 2382 810 2449 cui
837 2380 968 2451 Graece
998 2404 1115 2452 nomen
1146 2391 1220 2453 erat
1248 2390 1410 2461 Φαλίσκος,

239 2490 364 2558 Latine
392 2488 543 2572 Falisca,
570 2488 674 2556 claris
701 2491 874 2556 testantur
901 2491 1012 2560 verbis
1041 2493 1240 2577 Stephanus,
1269 2492 1410 2572 Solinus,

241 2597 308 2665 alii.
360 2595 474 2679 Steph.
504 2595 587 2679 Byz.
613 2603 808 2673 Φαλίσκος,
840 2598 930 2674 πόλις
956 2597 1090 2676 Ἰταλίας,
1116 2595 1245 2676 ἄποικος
1270 2593 1412 2681 Ἀργείων
1458 2646 1460 2657 .

240 2710 290 2768 καὶ
315 2709 460 2768 Φαλίσκοι
480 2707 510 2767 οἱ
526 2703 693 2785 οἰκήτορες.
731 2706 883 2786 Φαλέριον
906 2704 950 2780 ὥς
971 2705 1158 2784 Βυζάντιον,
1182 2707 1274 2784 πόλις
1298 2715 1412 2788 luppo-

241 2819 317 2889 νίας,
342 2809 378 2875 τὸ
402 2809 530 2876 ἐίνικόν
554 2813 711 2892 Φαλέριος.

329 2919 414 2986 Plin.
438 2938 470 2985 n.
493 2920 524 2985 h.
548 2919 617 3003 III,
644 2925 695 2984 51.
734 2919 851 3002 „Intus
876 2920 1025 2986 coloniae
1047 2920 1185 2988 Falisca
1208 2921 1313 3009 Argis
1338 2925 1413 2990 orta

241 3031 294 3118 (ut
317 3031 435 3094 auctor
458 3031 510 3093 est
527 3025 636 3108 Cato),
663 3045 746 3109 quae
763 3027 1015 3111 cognominatur
1030 3027 1274 3098 Etruscorum.“
1317 3030 1412 3098 Simi-

240 3139 321 3206 liter
334 3134 475 3220 legimus
492 3134 579 3216 apud
595 3134 742 3202 Solinum
756 3154 788 3217 p.
807 3140 947 3210 ass-7
965 3136 1009 3200 M.
1049 3135 1124 3219 „Ab
1140 3139 1268 3206 Haleso
1284 3137 1412 3223 Argivo

240 3245 423 3315 Faliscum:
449 3241 618 3309 aFalerio
634 3241 764 3328 Argivo
780 3242 962 3309 Falerios.“
1001 3243 1124 3311 Strabo
1145 3265 1270 3329 quoque
1286 3245 1326 3326 V,
1345 3251 1374 3320 2,
1393 3251 1411 3307 9

241 3351 402 3422 discernit
434 3355 591 3412 Φαλίσκου
623 3353 658 3414 et
691 3353 869 3429 Φαλερίους.
918 3349 954 3417 si
983 3349 1087 3435 igitur
1119 3351 1206 3436 apud
1233 3351 1413 3418 Diodorum

243 3462 413 3544 legeretur
446 3461 612 3522 Φιλίσκου
634 3455 736 3531 πόλιν,
770 3475 830 3541 ego
863 3475 989 3538 quoque
1020 3458 1062 3525 de
1085 3457 1208 3525 Latino
1232 3457 1414 3542 cogitarem

242 3563 391 3645 iontem)

331 3671 420 3740 ltem
448 3669 586 3754 pluralis
614 3669 721 3736 forma
745 3677 890 3736 Φαλίακοι
913 3691 955 3738 ne
978 3671 1145 3739 minimam
1168 3669 1297 3751 quidem
1319 3689 1413 3754 prae·

243 3785 301 3850 bet
325 3777 484 3846 haerendi
506 3795 651 3860 causam,
677 3795 872 3860 quamquam
888 3781 928 3846 Ε.
945 3779 1060 3864 Meyer
1074 3778 1096 3844 l.
1114 3777 1137 3842 l.
1154 3796 1184 3859 p.
1211 3782 1272 3840 611
1291 3777 1364 3843 adn.
1383 3781 1411 3842 2.

247 3893 416 3969 Φαλερίους
445 3903 580 3967 poscere
610 3884 753 3954 videtur.
803 3883 904 3969 Apud
931 3887 1071 3954 Latinos
1102 3887 1255 3952 auctores
1285 3881 1414 3949 incolae

244 3994 451 4065 Faleriorum
481 3991 572 4060 urbis
603 4011 731 4076 semper
762 3993 973 4076 appellantur
1001 3991 1136 4061 Falisci.
1190 3988 1272 4057 Oum
1303 3995 1415 4057 autem

337 4173 373 4242 ¹¹)
394 4170 446 4225 dui
458 4168 574 4239 regulae
588 4169 713 4226 serviunt
721 4167 796 4224 Plut.
808 4167 882 4226 Cam.
892 4173 935 4227 42.
945 4170 982 4228 id.
993 4168 1091 4226 coriol.
1104 4169 1145 4223 12.
1163 4165 1244 4222 Dion.
1254 4165 1318 4222 Hal.
1328 4167 1361 4235 V,
1372 4168 1414 4225 61.

336 4261 370 4332 1l)
388 4260 474 4316 Plura
492 4257 526 4313 de
544 4256 656 4314 Falisca
675 4263 704 4314 et
722 4257 842 4315 Faleriis
860 4258 974 4314 urbibus
993 4260 1193 4330 congesserunt
1211 4255 1354 4312 Groskurd
1373 4258 1415 4314 od.

246 4353 335 4410 Strab.
354 4353 377 4407 I.
396 4367 423 4420 p.
442 4347 576 4420 3901391.
613 4347 851 4418 Miller-Descko,
870 4348 1007 4405 Ftrusker
1025 4348 1050 4405 Ι.
1068 4365 1095 4419 p.
1115 4347 1166 4404 102
1186 4359 1242 4415 sqq.
1279 4346 1416 4404 Bormann

246 4443 275 4500 in
294 4440 323 4496 (1.
343 4441 369 4498 J.
388 4439 418 4497 Ιι.
438 4437 486 4494 ΧΙ.
506 4455 531 4508 p.
551 4438 612 4494 465.
