3410 5052
727 303 948 364 ...21-

255 478 392 561 denique
410 476 532 545 ibidem
552 476 662 543 scriba
675 476 816 546 Flavius
836 481 871 544 61
892 476 1041 545 consules
1057 477 1136 544 anni
1152 484 1216 542 444
1233 478 1289 561 qui
1304 484 1421 546 contra

255 585 422 656 Samnites
450 588 487 651 et
508 585 669 652 Etruscos
695 584 816 651 bellum
843 587 1019 670 gesserunt
1042 584 1140 669 (XX,
1165 590 1231 668 35).
1276 584 1422 654 Accedit
1555 615 1561 626 ·

252 693 366 762 consul
393 712 423 758 a.
449 698 513 758 450
541 691 646 779 (XX,
673 697 760 775 101.)
790 692 928 760 Publius
961 691 1172 775 Sempronius
1205 691 1261 776 (61.
1289 690 1419 761 Oichor.

252 801 275 866 l.
298 801 321 867 1.
349 819 379 882 p.
409 804 496 882 211).
549 801 653 867 Porro
684 799 834 868 brevitas
865 803 901 866 61
932 798 1098 885 exiguitas
1129 798 1268 868 Diodori
1298 799 1421 885 optime

253 907 420 990 quadrant
447 907 490 972 ad
517 925 573 984 ea,
603 923 687 989 quae
715 906 894 992 Dionysius
917 907 946 992 I,
972 915 991 972 6
1015 906 1142 975 iudicat
1166 908 1207 976 de
1229 906 1420 989 antiquissi-

253 1031 378 1081 morum
409 1013 575 1081 annalium
606 1013 802 1096 scriptorum
832 1014 962 1082 ratione
993 1032 1048 1081 res
1082 1019 1198 1100 gestas
1233 1013 1419 1082 enarrandi.

253 1121 400 1198 „codrum
423 1124 456 1184 di
483 1123 548 1185 τῶν
578 1119 706 1202 ἀνδρῶν
735 1120 878 1204 ἑκάτερος
906 1121 1043 1203 (Fabius
1067 1124 1103 1188 61
1127 1119 1421 1202 016616616113616

253 1227 348 1306 αὐτὸς
373 1229 474 1310 ἔργοις
498 1230 697 1311 παρεγένετο,
728 1225 779 1292 διὰ
806 1225 864 1310 τὴν
892 1229 1048 1310 ἐμπειρίαν
1072 1225 1211 1310 ἀκριβῶς
1232 1224 1419 1310 ἀνέγραψεν,

253 1334 292 1400 τὰ
314 1339 346 1400 δὲ
366 1333 482 1417 ἀρχαῖα
497 1334 537 1398 τὰ
552 1333 628 1411 μετὰ
643 1335 700 1416 τὴν
715 1341 812 1400 κτίσιν
827 1342 882 1417 τῆς
899 1335 1022 1411 πόλεως
1043 1336 1195 1415 γενόμενα
1216 1343 1421 1414 κεφαλαιω-

253 1446 326 1520 δῶς
348 1441 562 1526 dvtypapoo‘t
603 1442 763 1511 Similiter
778 1443 894 1511 (licere
910 1442 951 1509 de
971 1443 1036 1528 leg.
1052 1444 1081 1526 I,
1099 1448 1129 1527 2,
1148 1449 1178 1506 6.
1216 1441 1323 1526 „Nam
1344 1446 1422 1527 post

253 1551 390 1618 annales
418 1550 609 1635 pontificum
635 1549 864 1634 maximorum,
896 1549 1013 1631 quibus
1036 1548 1084 1616 nil
1105 1550 1218 1633 potest
1240 1567 1315 1618 esse
1337 1548 1420 1618 iniu-

253 1657 403 1743 cumdius,
433 1658 463 1726 si
491 1660 551 1725 661
578 1656 622 1723 ad
644 1656 785 1724 Fabium
812 1660 872 1724 661
900 1656 944 1723 ad
971 1674 1045 1724 eum
1072 1654 1127 1738 qui
1149 1653 1214 1722 tibi
1236 1673 1365 1740 semper
1385 1654 1422 1723 iu

252 1784 308 1833 ore
336 1770 404 1850 est,
434 1764 596 1833 Catonem
619 1767 679 1831 aut
702 1765 745 1831 ad
767 1763 922 1833 Pisonem
945 1767 1004 1830 aut
1027 1761 1071 1831 ad
1092 1761 1270 1846 Fannium,
1295 1762 1421 1830 autad

251 1872 459 1945 Vennonium
486 1871 616 1955 venias,
645 1890 842 1954 quamquam
870 1889 911 1937 ex
938 1870 990 1937 his
1019 1869 1104 1938 alius
1133 1869 1199 1936 alio
1221 1869 1295 1954 plus
1317 1868 1421 1936 habet

251 1980 380 2062 virium,
404 1984 519 2046 tamen
541 1978 619 2060 quid
640 1983 711 2045 tam
735 1978 820 2045 exile
843 1996 941 2059 quam
964 1976 1021 2044 isti
1046 1978 1190 2044 omues“.
1229 1976 1421 2045 Notandum

252 2087 392 2168 denique
422 2089 476 2153 est
505 2084 575 2152 iere
606 2084 714 2152 omnia
745 2103 830 2168 quae
860 2083 1025 2151 Diodorus
1059 2083 1100 2150 de
1133 2083 1231 2150 rebus
1261 2082 1420 2152 Romanis

252 2194 335 2278 edit,
365 2196 519 2278 spectare
547 2191 590 2259 ad
617 2191 706 2259 bella
733 2191 850 2274 quibus
877 2189 1020 2259 Romani
1042 2188 1180 2257 Italiam
1208 2190 1419 2276 subegerunt,

252 2321 325 2369 cum
340 2301 520 2368 seditiones
542 2299 696 2366 internae
720 2305 755 2367 et
775 2298 978 2366 certationes
1002 2296 1194 2381 acerrimae,
1218 2314 1303 2380 quae
1326 2316 1420 2366 exar-

252 2412 367 2477 serunt
382 2409 471 2475 inter
489 2406 648 2491 patricios
672 2410 706 2474 et
723 2406 879 2490 plebeios,
902 2406 1093 2490 plerumque
1115 2404 1249 2474 silentio
1271 2407 1420 2489 praeter·

252 2520 373 2584 eantur
383 2513 438 2601 28).
493 2512 696 2596 Supersedeo
731 2512 870 2597 singulis
905 2511 1103 2580 examinatis
1138 2511 1295 2596 exemplis
1328 2511 1420 2580 illus·

250 2629 344 2691 trare
367 2625 570 2704 quantopere
594 2619 700 2688 distet
718 2618 883 2688 Diodorus
907 2637 979 2687 cum
1001 2619 1181 2703 brevitate,
1204 2624 1276 2686 tum
1297 2619 1362 2686 lide
1384 2623 1420 2687 et

251 2730 456 2799 auctoritate
484 2748 505 2794 a
532 2726 644 2811 Idvio,
668 2726 844 2810 Dionysio,
873 2725 1023 2808 aliisque.
1070 2725 1214 2794 0666161
1241 2743 1339 2808 quam
1361 2726 1419 2794 im·

251 2838 412 2921 pudenter
427 2840 462 2903 61
478 2835 660 2903 insolenter
674 2833 897 2901 recentissimi
912 2834 1080 2902 66661166
1100 2833 1279 2917 scriptores
1294 2832 1418 2910 Macer,

253 2943 388 3027 Antias,
408 2960 514 3010 novas
528 2960 582 3009 res
599 2941 642 3008 ad
657 2959 708 3024 ea,
733 2958 818 3023 quae
838 2939 1032 3024 simpliciter
1047 2944 1206 3010 enarrata
1220 2940 1420 3025 acceperint,

253 3048 485 3133 amplificanda
511 3047 576 3130 ipsi
603 3046 883 3131 excogitaverint,
912 3047 999 3116 alias
1026 3067 1080 3116 res
1103 3054 1142 3115 ut
1164 3047 1279 3116 melius
1303 3066 1420 3119 conve·

251 3157 364 3223 uirent
386 3173 458 3222 cum
482 3154 551 3222 suis
573 3153 771 3238 rationibus,
795 3155 970 3223 immutare
993 3174 1057 3224 non
1081 3154 1318 3239 dubitaverint,
1342 3155 1421 3238 quin

252 3264 354 3331 61166
369 3262 464 3330 16616
478 3261 577 3345 plane
593 3261 755 3328 ementita
769 3261 805 3328 in
819 3261 1021 3330 narrationis
1037 3267 1185 3331 tenorem
1199 3260 1419 3331 inseruemnt.

251 3370 306 3455 (61.
337 3371 519 3438 11666666
548 3369 590 3435 R.
614 3370 652 3435 I'.
682 3369 722 3436 H
753 3374 815 3433 236
847 3387 919 3452 sqq.
947 3369 1077 3438 Kaerst
1106 3369 1142 3436 in
1168 3367 1288 3436 Philol.
1312 3370 1418 3455 suppl.

249 3479 356 3546 XIII.
379 3496 411 3561 p.
441 3483 519 3560 7683
551 3479 587 3544 et
608 3475 644 3542 in
665 3475 751 3544 Phil.
780 3477 858 3543 IIII.
886 3497 918 3560 p.
944 3482 1007 3542 306
1031 3477 1126 3563 sqq).
1170 3475 1249 3544 Nou
1276 3494 1353 3545 raro
1377 3495 1420 3544 ex

250 3606 303 3671 eo,
337 3585 423 3669 quod
450 3584 614 3652 Diodorus
642 3603 710 3664 res,
742 3602 826 3666 quae
856 3583 944 3668 apud
974 3583 1057 3652 alios
1086 3581 1262 3652 historicos
1289 3583 1419 3668 copiose

250 3698 286 3761 61
303 3692 455 3779 gloriosis
471 3691 582 3762 verbis
606 3692 845 3776 describuntur,
870 3692 1004 3760 silentio
1027 3691 1169 3767 omittit,
1194 3691 1418 3776 cognoscimus

254 3804 379 3883 quanto
401 3799 505 3867 maior
527 3799 608 3866 fides
633 3806 668 3866 61
692 3798 875 3867 auctoritas
899 3799 1128 3885 adiungendae
1155 3796 1224 3866 sint
1250 3799 1419 3868 annalium

248 3907 404 3992 scriptori
426 3926 448 3974 6
470 3905 614 3974 Diodoro
641 3911 800 3990 usurpato
827 3925 925 3989 quam
952 3905 1099 3989 Antiati,
1124 3903 1274 3984 0166116,
1303 3905 1417 3975 Macro

249 4034 329 4099 quos
363 4014 454 4084 Livii
488 4018 524 4081 et
557 4013 712 4098 Dionysii
744 4013 916 4098 primarios
951 4013 1054 4081 fuisse
1091 4010 1201 4080 fontes
1238 4011 1418 4100 scimus.⁹⁰)

339 4208 375 4282 ¹⁸)
395 4208 506 4266 Livium
524 4213 554 4266 et
571 4207 735 4277 Dionysium
753 4208 878 4278 copiosas
896 4205 1071 4264 narrationes
1090 4205 1302 4264 domesticorum
1318 4207 1417 4266 mmm

250 4303 327 4354 tuum
345 4298 446 4356 debere
464 4297 573 4355 Licinio
590 4298 686 4354 liacro
704 4312 790 4366 prona
808 4303 853 4354 661
870 4296 1029 4354 coniectura
1045 4295 1168 4353 virorum
1187 4296 1338 4356 doctorum.

338 4387 373 4459 ¹⁹)
390 4387 475 4446 Niesc
502 4404 526 4444 e.
545 4403 572 4458 g.
600 4392 659 4443 tam
683 4385 762 4456 parvi
784 4386 916 4443 aestimat
937 4384 1061 4456 Livium,
1085 4384 1259 4456 Dionysium,
1283 4385 1366 4456 alios,
1384 4391 1417 4442 ut

249 4474 309 4532 fere
329 4475 414 4532 solius
432 4476 547 4532 Diodori
565 4475 684 4532 confidat
702 4475 864 4533 auctoritati
881 4476 911 4532 iu
928 4473 1127 4544 antiquissimis
1146 4471 1308 4532 emmaudiv
1324 4473 1414 4532 rebus.

249 4564 284 4620 61.
302 4563 414 4633 „Abriss
432 4566 458 4620 d.
477 4565 554 4620 Rom.
577 4563 688 4624 cascar
