3410 5052
734 256 955 314 ..24-

277 427 449 493 auctorum
476 425 648 510 historias,
678 447 704 494 e.
728 448 760 512 g.
785 427 925 510 Timaei,
956 428 1164 511 Hieronymi,
1194 446 1274 511 quos
1297 428 1444 495 breviter

274 532 511 617 perstrinxisse
537 553 591 602 res
619 533 788 603 Romanas
811 535 991 620 Dionysius
1019 537 1048 620 I,
1081 543 1097 601 7
1121 537 1271 603 testatm
1292 533 1328 601 iu
1350 552 1443 601 usum

275 659 369 708 suum
399 641 602 711 convertisse
632 641 689 711 vix
717 642 890 726 quisquam
917 642 1072 710 defendet
1103 681 1140 691 -
1172 661 1237 709 uon
1264 641 1443 709 verisimile

275 752 329 816 est
356 767 626 816 commemorasse
653 768 706 817 res
735 767 818 832 quae
848 769 920 816 cum
942 749 1083 818 historia
1106 750 1281 817 Romana
1303 768 1368 816 non
1391 768 1442 816 co-

274 857 468 924 haerebant.
504 855 605 926 Ouius
628 856 716 924 modi
735 857 837 934 iacta,
863 858 892 924 si
913 857 1002 924 inter
1024 877 1078 925 res
1093 856 1237 924 Italicas
1261 855 1441 923 aDiodoro

276 961 424 1031 traditas
440 963 656 1050 (incipiuntur
672 983 782 1031 ornnes
798 964 868 1031 fere
885 965 1120 1033 adnotationes
1135 964 1316 1032 historicae
1330 962 1442 1034 verbis

273 1066 375 1147 ‚arrd
387 1073 421 1135 δὲ
436 1068 495 1152 τὴν
518 1068 683 1154 Ἰταλίαν)
706 1071 1028 1156 investigaverimus,
1052 1072 1175 1155 optimo
1190 1071 1260 1138 iure
1276 1069 1443 1137 annalium

275 1177 430 1262 scriptori
449 1179 492 1245 ab
512 1177 570 1244 illo'
586 1177 735 1245 adhibito
751 1178 985 1264 denegabimus
1002 1179 1124 1262 aliique
1141 1178 1331 1246 addicemus
1346 1177 1441 1245 fonti.

361 1284 440 1352 Huc
454 1290 608 1368 spectare
623 1284 789 1369 videntur,
813 1303 898 1369 quae
918 1285 1014 1367 XII,
1037 1291 1076 1350 31
1102 1285 1200 1353 docet
1222 1285 1266 1352 de
1289 1285 1442 1352 nomine

275 1394 315 1459 et
344 1390 496 1477 origine
527 1391 825 1475 Campanorum:
859 1393 929 1468 υἐπὶ
960 1396 993 1456 δὲ
1023 1393 1147 1456 τούτων
1180 1391 1260 1456 κατὰ
1292 1395 1350 1468 μὲν
1384 1391 1441 1471 τὴν

274 1494 404 1563 Ἰταλίαν
437 1495 476 1562 τὸ
509 1497 604 1575 ἔθνος
637 1500 705 1563 τῶν
739 1500 923 1574 Καμπανῶν
961 1500 1089 1579 συνέστη
1123 1504 1173 1563 καὶ
1208 1499 1320 1579 ταύτης
1354 1498 1442 1577 &boga

274 1608 329 1688 τῆς
354 1611 560 1688 προςηγορίας
587 1603 650 1670 ἀπὸ
677 1608 731 1686 τῆς
758 1605 867 1686 ἀρετῆς
894 1608 952 1668 τοῦ
977 1612 1110 1686 πλησίον
1137 1608 1280 1683 κειμένου
1301 1609 1441 1669 11εὸίοοῆ

273 1713 455 1781 Mommsen
477 1713 519 1778 R.
536 1713 573 1778 Ε.
591 1713 630 1780 H
646 1718 708 1776 281
731 1711 880 1794 dubitat,
904 1713 1014 1779 utrum
1036 1712 1202 1782 eGraeco
1226 1732 1271 1780 an
1293 1713 1443 1780 Romano

274 1818 367 1888 fonte
381 1819 468 1887 hanc
483 1818 733 1888 adnotationem
753 1818 956 1902 excerpserit
971 1819 1145 1889 Diodorus.
1171 1819 1268 1888 Prior
1284 1839 1443 1887 commen·

275 1927 375 1995 datur
389 1926 568 2012 sententia,
593 1927 762 2010 quodiam
776 1927 971 1994 Hecataeus
986 1927 1027 1994 fr.
1046 1935 1086 1992 27
1105 1928 1253 2012 Capuam
1277 1926 1444 1994 conditam

274 2036 604 2116 commemoraverat;
639 2034 763 2117 altera,
799 2033 884 2116 quod
918 2034 1057 2104 nominis
1093 2035 1293 2120 etymologia
1327 2054 1391 2102 non
1426 2052 1444 2101 e

275 2139 408 2210 Graeca
435 2140 493 2208 sed
519 2140 646 2207 Latina
672 2140 787 2225 lingua
810 2140 964 2209 derivata
995 2147 1058 2209 est.
1091 2141 1146 2222 (ci.
1167 2142 1241 2212 Iiv.
1262 2143 1383 2226 IV37,
1403 2144 1444 2225 1).

273 2248 316 2317 Id
343 2248 464 2316 saltem
493 2251 647 2315 constare
674 2247 754 2313 mihi
780 2246 912 2316 videtur
939 2267 985 2314 ex
1016 2249 1218 2317 annalium
1248 2250 1445 2333 scriptore

273 2354 367 2422 illam
393 2373 459 2422 nou
489 2372 563 2421 esse
594 2358 767 2437 sumptam.
820 2353 856 2422 si
885 2353 1051 2424 Graecum
1082 2356 1290 2442 agnoscimus
1320 2356 1445 2423 fontem

274 2460 374 2528 facile
407 2463 521 2545 potest
556 2460 697 2546 cogitari
731 2461 772 2527 de
803 2461 947 2529 Timaeo.
1003 2463 1246 2549 Etymologiam
1280 2481 1379 2546 quam
1411 2461 1446 2528 in

274 2567 416 2636 medium
438 2566 565 2652 profert
584 2567 759 2647 Diodorus,
784 2567 962 2652 suspiceris
985 2569 1076 2637 illum
1101 2570 1287 2654 eGastore,
1311 2571 1445 2636 chrono-

273 2675 432 2762 graphico
459 2693 517 2743 suo
545 2673 652 2752 fonte,
682 2693 775 2757 quem
805 2675 1025 2761 etymologias
1055 2677 1180 2745 tabulis
1208 2674 1446 2762 chronologicis

276 2783 455 2852 adnectere
493 2782 668 2850 adamasse
721 2782 809 2850 inira
866 2782 1161 2851 demonstrabimus
1197 2781 1445 2866 deprompsisse.

274 2889 413 2974 Aliquid
435 2888 536 2956 certi
559 2888 600 2957 de
623 2892 757 2957 auctore
780 2889 836 2959 vix
859 2889 985 2973 poterit
1009 2888 1234 2972 enucleariffl).

362 2995 477 3062 Alium
498 2996 604 3063 locum
620 2995 721 3080 XII,
749 3003 799 3080 76,
823 2995 880 3064 ubi
903 2996 948 3062 de
964 2995 1094 3064 Oumis
1118 2997 1364 3082 aOampanis
1388 3015 1446 3064 ex-

273 3102 463 3189 pugnatis
490 3106 662 3186 narratur,
695 3102 826 3171 Graeco
855 3103 1039 3170 attribuam
1067 3104 1154 3172 fonti
1182 3104 1238 3194 (ci.
1267 3105 1447 3173 Mommsen

273 3213 316 3280 R.
340 3211 379 3278 F.
402 3210 451 3288 Π,
477 3214 551 3274 281.
577 3209 679 3278 Oohn.
704 3209 790 3277 Phil.
815 3210 836 3277 l.
861 3210 883 3276 1.
909 3216 938 3276 3.
964 3210 1040 3278 adn.
1065 3215 1108 3293 3).
1153 3211 1281 3280 Scimus
1304 3212 1390 3280 enim
1412 3211 1447 3278 in

275 3316 370 3385 libris
385 3317 443 3384 XI
466 3335 537 3400 sqq.
555 3315 736 3384 Diodorum
751 3317 919 3386 Timaeum
943 3322 1092 3386 secutum
1115 3339 1168 3387 res
1192 3319 1328 3389 Siciliae
1351 3339 1446 3387 enar-

274 3421 427 3511 rassell).
459 3423 577 3492 Livius
595 3441 721 3506 quoque
732 3425 795 3510 IV,
809 3431 851 3490 44
867 3424 1061 3494 brevissime
1078 3429 1309 3493 commemorat
1325 3425 1446 3495 Oumas

274 3550 349 3601 esse
371 3536 507 3615 captas,
549 3530 650 3598 alium
672 3549 751 3600 uero
779 3534 881 3615 atque
904 3531 1069 3600 Diodorus
1097 3533 1167 3600 edit
1195 3552 1315 3600 aunum
1343 3534 1445 3618 (334).

276 3638 377 3709 Ouius
401 3637 475 3705 fons
498 3657 619 3706 anuum
643 3642 707 3702 326
732 3640 962 3723 comprobasse
984 3638 1127 3708 videtur.

363 3744 547 3813 Praeterea
574 3745 609 3813 in
636 3745 741 3812 libro
764 3745 855 3818 XIV
878 3765 960 3829 cap.
988 3753 1049 3811 113
1081 3747 1281 3817 nonnullae
1305 3746 1445 3816 Graecis

274 3851 422 3922 fontibus
450 3851 617 3922 addidisse
645 3851 778 3922 videtur
800 3851 975 3922 Diodorus.
1021 3853 1179 3939 Legimus
1203 3854 1289 3922 enim
1311 3855 1446 3924 ineunte

276 3958 387 4044 capite
402 3958 564 4042 duplicem
585 3958 773 4028 memoriam
796 3960 837 4027 de
860 3959 1013 4046 origine
1028 3961 1329 4045 Tyrrhenorum:
1357 3963 1445 4046 „zoa

366 4152 402 4224 ⁸¹)
420 4152 509 4220 Quam
528 4154 693 4210 seutentiam
712 4153 833 4211 fortasse
852 4153 987 4224 quispiam
1005 4154 1156 4226 improbet,
1180 4156 1252 4224 quod
1271 4156 1367 4213 eadem
1386 4162 1445 4226 ety-

275 4241 398 4316 mologia
416 4241 610 4314 comprobatur
627 4261 644 4300 a
661 4243 742 4302 Livio
760 4244 778 4299 1.
791 4243 809 4300 1.
824 4243 877 4300 Sed
894 4244 924 4300 in
940 4243 1010 4301 libro
1028 4259 1135 4314 quoque
1153 4245 1175 4301 1.
1189 4261 1248 4316 cap.
1265 4248 1282 4301 3
1298 4247 1446 4303 nonnullae

275 4333 452 4404 reperiuntur
470 4332 656 4404 etymologiae
674 4349 742 4403 quas
761 4333 861 4389 Castor
878 4332 908 4389 in
927 4333 1030 4390 tabulis
1047 4333 1192 4393 habuerat.
1258 4317 1262 4331 ⁴

365 4422 402 4496 ⁸¹)
421 4421 457 4480 cf.
476 4421 673 4494 Volquerdsen
709 4421 952 4496 Uotorsaoaoopea
978 4424 1046 4480 aber
1073 4422 1117 4478 dic
1147 4423 1262 4492 Quotam
1289 4423 1339 4480 der
1369 4425 1445 4483 Gric-

277 4511 403 4568 olo‘sohca
420 4511 479 4569 aad
496 4509 656 4568 Sioilr'solrcn
672 4511 847 4570 cascharae
862 4513 906 4570 boi
919 4513 1032 4584 Diodor,
1048 4511 1127 4568 Baelo
1142 4512 1296 4586 Xl-XVI)
1309 4531 1334 4584 p.
1345 4516 1444 4584 eoaqq.
