3366 5052
692 296 909 354 ..53-

481 465 544 564 Ile
576 465 848 586 fragmentis
879 466 993 564 libri
1025 467 1121 565 Vll.

309 669 337 727 1.
371 663 428 730 lib.
457 664 538 734 VII.
567 662 606 729 fr.
640 669 658 728 3
687 662 838 730 Dindorf.
889 665 930 732 In
970 666 1034 733 fine
1074 666 1170 734 huius
1209 667 1388 753 fragmenti

217 768 383 837 Diodorus
406 770 543 838 Aeneae
572 770 688 837 somnii
710 771 872 838 Fabium
901 777 1069 840 auctorem
1100 773 1232 841 laudat:
1270 775 1309 853 ,ὁ
1333 773 1388 852 τὰς

217 875 379 954 Ῥωμαίων
402 878 528 959 πράξεις
551 874 765 966 ἀναγράψαςίῆ
801 878 956 964 Quemne
979 898 1059 947 Vera
1075 879 1213 948 Aeneae
1230 881 1387 950 somnium

217 984 460 1054 manualibus
495 984 635 1054 Graecis
666 1003 935 1054 commemorasse
967 991 1083 1071 aperte
1121 988 1203 1055 dicit
1239 990 1307 1058 Cic.
1347 991 1387 1056 de

220 1092 284 1160 div.
309 1094 329 1160 Ι
353 1098 405 1175 21,
431 1098 488 1174 48,
514 1092 717 1175 „sinthaec
741 1095 779 1158 ut
803 1091 881 1176 dixi,
906 1093 1032 1161 somnia
1053 1092 1249 1174 fabularum,
1271 1095 1386 1178 hisque

216 1199 419 1284 adiungatur
448 1199 550 1266 etiam
574 1197 711 1265 Aeneae
739 1199 911 1283 somnium,
941 1200 1026 1282 quod
1054 1201 1203 1268 nimirum
1231 1203 1267 1268 in
1290 1203 1387 1269 Fabii

215 1306 362 1374 Pictoris
385 1305 555 1375 Graecis
583 1305 759 1373 annalibus
782 1306 940 1374 eiusmodi
964 1312 1017 1375 est
1040 1314 1079 1375 ut
1102 1309 1209 1376 omnia
1234 1329 1319 1391 quae
1343 1311 1386 1377 ab

214 1413 333 1481 Aenea
360 1416 459 1499 gesta
488 1417 565 1481 sunt
594 1432 742 1495 quaeque
769 1413 820 1479 illi
847 1414 1049 1498 acciderunt,
1024 1418 1119 1482 111
1149 1415 1274 1482 fuerint
1302 1436 1387 1498 quae

217 1520 248 1588 ei
272 1521 450 1587 secundnm
474 1519 565 1602 quiet
567 1539 617 1586 em
640 1521 714 1593 visa
737 1523 846 1587 sunt‘t
894 1521 976 1588 Oum
999 1541 1078 1589 vero
1102 1521 1266 1590 Diodorus
1289 1522 1385 1590 initio

214 1628 396 1714 fragmenti
420 1629 601 1695 contendat
624 1629 763 1694 Romam
780 1647 853 1696 esse
869 1629 980 1695 condit
965 1632 1035 1695 tam
1052 1648 1138 1696 anno
1154 1630 1261 1696 altero
1285 1631 1385 1713 olym·

214 1735 325 1822 pradrs
337 1735 500 1818 septimae
510 1734 587 1822 (75
591 1733 713 1821 )anms
724 1740 801 1818 post
809 1735 942 1802 Froram
955 1739 1087 1819 captam
1098 1736 1387 1804 OOOOXXXIII

215 1850 371 1925 (11841
389 1841 449 1910 Oh.
466 1841 523 1928 n.,)
548 1845 625 1909 cont
626 1861 664 1908 ra
684 1842 808 1909 Fabius
832 1843 873 1908 ol
900 1849 929 1925 8,
957 1843 1155 1927 1Dionysio
1179 1846 1317 1927 testeI,
1345 1850 1385 1908 74
1415 1847 1456 1888 *⁴

214 1950 352 2034 primum
368 1949 459 2016 urbis
475 1967 595 2017 annum
612 1953 719 2015 constr
710 1949 796 2016 1111.
831 1949 1030 2016 Necessario
1045 1950 1150 2034 igitur
1165 1951 1323 2032 sequitur,
1347 1956 1386 2016 ut

213 2056 379 2126 Diodorus
393 2074 512 2122 annum
525 2055 615 2123 urbis
628 2055 781 2123 conditae
793 2075 858 2122 non
870 2075 888 2122 e
901 2056 999 2122 Fabri
1011 2057 1187 2140 sumpserit
1200 2058 1384 2124 annalibus.

214 2163 366 2232 Eundem
382 2167 484 2244 atque
499 2161 664 2229 Diodorus
680 2162 822 2245 produnt
838 2181 959 2230 annum
975 2163 1062 2246 apud
1078 2163 1273 2248 Dionysium
1296 2165 1325 2241 I,
1344 2169 1385 2227 74

213 2270 373 2356 Polybius
401 2288 496 2354 quem
524 2269 673 2351 sequitur
697 2269 813 2341 Cicero
842 2270 922 2335 dr.
947 2271 1034 2353 publ.
1059 2271 1106 2350 ΙΙ,
1134 2276 1184 2346 10,
1212 2276 1262 2346 17,
1291 2289 1386 2353 prae·

215 2382 319 2462 terea,
353 2381 391 2446 ut
415 2380 564 2444 testatur
587 2376 719 2444 Solinus
741 2378 761 2443 I
786 2383 837 2453 27,
867 2377 1120 2458 Eratosthenes,
1153 2376 1384 2461 Apollodorus,

214 2486 384 2569 Lutatius,
403 2485 525 2568 Nepos.
561 2483 694 2551 Annum
710 2484 801 2550 urbis
819 2471 973 2550 conditae
998 2483 1049 2550 Ol.
1071 2491 1099 2567 7,
1118 2491 1136 2547 2
1160 2484 1385 2567 depromptum

216 2612 290 2660 esse
314 2611 356 2659 ex
379 2592 491 2658 eodem
507 2591 691 2658 recentiore
714 2589 816 2674 fonte,
841 2609 859 2655 1
876 2609 938 2671 quo
955 2608 1069 2674 regum
1085 2588 1290 2657 Albanorum
1306 2592 1385 2658 Dio·

214 2701 312 2768 dorus
339 2699 451 2766 hausit
478 2697 662 2781 historiam,
691 2696 766 2763 olim
795 2696 983 2780 suspicatus
1012 2700 1064 2763 111
1087 2699 1267 2764 Mommsen
1292 2699 1383 2784 (Ohr.

212 2809 255 2876 R.
276 2812 337 2871 152
354 2805 429 2873 adn.
448 2808 535 2889 288),
553 2805 609 2888 qui
624 2808 742 2888 postea
758 2803 799 2870 de
815 2803 953 2887 Polybio
978 2803 1143 2888 cogitavit
1167 2804 1221 2890 (R.
1239 2805 1277 2871 F.
1294 2807 1333 2872 H
1352 2827 1383 2890 p.

216 2913 306 3000 267).
345 2912 491 2980 Primam
514 2913 635 2979 saltem
659 2911 842 2995 opinionem
866 2910 930 2980 viri
953 2911 1069 2978 summi
1084 2912 1173 2978 nullo
1196 2912 1283 2979 modi
1305 2913 1386 2980 ferri

215 3039 313 3106 posse
335 3020 423 3087 infra
447 3018 753 3086 demonstrabimus.

301 3145 486 3214 Praeterea
521 3141 633 3209 eodem
667 3143 702 3210 in
738 3143 923 3227 fragmento
954 3141 1082 3208 refutat
1112 3143 1276 3212 Diodorus
1308 3165 1384 3228 quo·

214 3251 353 3320 rumdam
382 3249 612 3337 historicorum
644 3251 826 3334 opinionem
858 3249 913 3331 qui
943 3251 1082 3316 Romam
1114 3251 1298 3320 condidisse
1328 3272 1383 3319 ne·

213 3362 309 3444 potes
340 3377 381 3425 ex
403 3357 541 3426 Aeneae
563 3357 633 3424 filia
656 3356 836 3425 docuerunt
860 3361 895 3423 et
918 3357 1032 3424 eadem
1056 3358 1186 3427 obviam
1208 3358 1246 3424 11
1270 3359 1384 3427 fabula

213 3467 302 3550 apud
333 3464 529 3548 Dionysium
551 3465 571 3530 Ι
595 3469 646 3547 73,
674 3463 854 3530 Eusebium
881 3465 909 3543 I,
934 3484 965 3546 p.
991 3469 1053 3529 279
1079 3464 1112 3532 S.
1142 3463 1242 3532 Ouins
1273 3465 1383 3533 famae

212 3572 356 3642 Ennium
389 3576 424 3639 11
451 3570 615 3639 Naevium
647 3575 799 3637 auctores
829 3570 932 3656 fuisse
964 3570 1117 3638 discimus
1145 3591 1164 3637 e
1193 3571 1310 3641 Servio
1341 3572 1384 3639 ad

215 3679 442 3747 11111273.
494 3679 674 3745 Mommsen
704 3677 739 3744 in
769 3677 846 3744 (ihr.
871 3679 912 3746 R.
938 3699 968 3762 p.
997 3685 1057 3742 152
1086 3678 1161 3744 adn.
1188 3684 1250 3742 288
1284 3683 1318 3746 11
1349 3680 1383 3747 in

215 3789 256 3854 R.
278 3789 317 3853 F.
339 3787 378 3852 H
402 3792 465 3849 268
489 3785 564 3852 adn.
590 3791 630 3848 62
655 3788 754 3868 putat
776 3785 916 3853 Fabium
941 3805 1066 3868 qnoque
1088 3784 1122 3850 in
1147 3804 1257 3852 eorum
1281 3786 1382 3870 scrip-

212 3899 322 3960 torum
345 3911 418 3958 esse
434 3911 577 3975 numero,
602 3889 694 3973 quia
710 3892 855 3959 Diodoro
875 3893 1166 3976 reprehenduntur,
1187 3911 1382 3974 quamquam

214 3999 338 4067 ePlut.
357 4000 451 4066 Rom.
477 4005 506 4082 3,
525 4006 553 4062 8.
579 4001 615 4065 11
630 3997 791 4082 Dionysio
815 4001 902 4083 179,
927 4017 1061 4082 quorum
1084 4002 1223 4081 uterque
1248 4000 1382 4069 disertis
1431 4053 1435 4064 .

213 4107 325 4175 verbis
354 4107 398 4173 ad
425 4105 523 4172 Fabii
550 4103 756 4188 potissimum
786 4110 967 4188 provocant
995 4106 1246 4184 auctoritatem,
1280 4108 1382 4175 etiam

213 4213 481 4295 antiquissimum
503 4213 724 4280 Romanorum
753 4212 945 4278 historicum
972 4210 1092 4280 scimus
1116 4213 1286 4297 vulgarem
1309 4209 1382 4283 esse

214 4326 364 4390 secutum
376 4320 499 4387 famam
520 4336 584 4399 qua
599 4319 758 4385 Romulus
772 4337 874 4402 nepos
894 4318 1091 4385 credebatur
1117 4318 1218 4386 fnisse
1234 4339 1253 4386 1
1268 4321 1381 4387 Numi·

213 4427 297 4495 toris
327 4426 406 4493 filia.
459 4425 496 4494 si
523 4426 724 4491 Mommseno
755 4424 1011 4509 adstipulamur,
1044 4424 1213 4492 credamus
1245 4446 1381 4496 necesse

215 4539 268 4604 111
295 4533 331 4602 in
357 4533 455 4603 Fabii
487 4533 661 4603 annalibus
694 4532 867 4602 Romulum
898 4524 1058 4618 duplicem
1087 4532 1243 4604 habuisse
1272 4553 1379 4608 avum.
