3410 5052
717 308 935 366 ..25-

244 502 316 554 τονς
335 476 444 543 δ”ἕνιοί
464 495 561 557 φασιν
584 475 647 542 ἀπὸ
670 481 736 542 τῶν
758 479 792 542 ἐν
813 486 965 563 Τυρρηνίᾳ
988 479 1110 544 δώδεκα
1125 481 1252 546 πόλεων
1274 481 1409 546 ἀποικισ-

242 588 345 666 θῆναι,
369 590 448 662 τινὲς
471 588 505 649 δέ
519 602 615 663 φασιν
636 583 819 665 Πελασγοὺς
841 585 905 668 πρὸ
929 589 994 651 τῶν
1022 591 1168 668 Τρωικῶν
1190 590 1223 652 ἐκ
1245 596 1411 666 Θετταλίας

243 693 402 772 φυγόντας
429 692 487 756 τὸν
507 694 554 756 ἐπὶ
582 698 793 769 Δενκαλίωνος
815 693 985 772 γενόμενον
1008 694 1226 771 κατακλυσμὸν
1247 697 1281 759 ἐν
1304 695 1410 781 τούτῳ

241 802 286 884 τῷ
317 800 408 886 τόπῳ
437 807 644 880 κατοικῆσαι“.
696 800 844 866 Priorem
873 819 970 883 qnam
998 801 1115 870 Liuius
1143 821 1269 885 quoque
1297 805 1338 883 V,
1368 808 1408 867 33

243 908 436 990 comprobat
465 906 662 983 memoriam,
691 926 709 974 e
733 907 891 974 Romanis
922 927 1076 976 manasse
1098 908 1244 977 fontibus
1266 928 1332 976 non
1354 909 1410 976 du·

242 1013 324 1097 bito,
350 1014 491 1080 alteram
518 1032 596 1082 vero
626 1013 670 1079 ad-
692 1012 856 1081 Graecum
878 1014 986 1080 redire
1009 1019 1178 1082 auctorem
1200 1015 1410 1085 verisimilius

243 1125 305 1188 001.
354 1119 514 1188 Similiter
540 1120 607 1186 iarn
635 1119 824 1187 tradiderat
847 1120 1043 1188 Hellanicus
1067 1141 1088 1188 a
1112 1121 1272 1206 Dionysio
1296 1123 1410 1189 landa-

242 1230 298 1295 tus
320 1229 407 1294 128.
430 1224 634 1303 »Ἑλλάνικος
656 1229 690 1289 dl
713 1223 731 1289 ὃ
752 1229 881 1303 Λέσβιος
902 1226 978 1303 τοὺς
998 1230 1177 1309 reposcet-g
1199 1246 1271 1309 φησι
1293 1237 1411 1294 Πελασ-

242 1333 318 1413 γοὺς
348 1335 562 1410 καλωμὲνονς
597 1333 769 1415 πρότερον,
805 1334 907 1414 ἐπειδὴ
935 1334 1120 1420 κατῴκησαν
1147 1337 1181 1399 ἐν
1211 1337 1321 1419 Ἰταλίᾳ
1352 1337 1412 1399 νῦν

243 1447 435 1522 παραλαβεῖν
458 1438 496 1522 ἣν
519 1440 625 1520 ἔχουσι
648 1441 892 1523 πρὸςηγορίαν“.
932 1441 1039 1528 Quam
1061 1443 1204 1511 alteram
1225 1443 1411 1512 memoriam

242 1547 423 1616 Diodorum
446 1548 625 1632 sumpsisse
648 1568 667 1614 0
690 1549 835 1631 Timaeo,
865 1547 928 1615 hac
951 1548 1157 1630 potissimum
1179 1552 1276 1619 credo
1299 1571 1411 1636 causa,

243 1655 329 1738 quod
352 1654 512 1738 Polybius
534 1655 583 1738 Π,
610 1661 649 1718 16
674 1653 896 1740 ignorantiam
918 1655 1042 1723 Italiae
1066 1658 1337 1740 septentrionalis
1360 1678 1412 1742 op·

243 1763 377 1846 probrio
401 1762 461 1828 dat
485 1760 629 1828 Timaeo.
676 1762 772 1829 Unde
795 1762 945 1844 sequitur
969 1761 1140 1830 Gallorum
1162 1784 1216 1832 res
1243 1765 1337 1832 illum
1360 1765 1415 1832 dc·

239 1869 421 1953 scripsisse.
446 1867 488 1934 ci.
512 1868 595 1935 Tim.
619 1868 659 1936 fr.
679 1875 820 1933 36-41.

327 1978 434 2043 Porro
458 1975 646 2044 rectissime
673 1976 843 2060 perspexit
866 1975 1084 2046 Wilamovitz
1114 1977 1168 2063 (cf.
1193 1981 1235 2044 R.
1259 1980 1294 2044 P.
1319 1981 1358 2046 II
1380 1999 1411 2063 p.

241 2090 305 2150 300
331 2083 406 2150 adn.
432 2082 466 2170 5)
490 2083 602 2149 eodem
625 2083 664 2149 in
687 2084 823 2167 capite
848 2087 920 2164 113,
947 2084 1289 2168 synchronismum,
1319 2106 1413 2169 quem

240 2191 370 2276 profert
397 2190 562 2258 Diodorus
585 2191 695 2257 inter
722 2189 904 2275 Rhegion
927 2208 947 2256 a
972 2190 1166 2274 Dionysio
1190 2198 1351 2277 captum
1374 2198 1413 2260 et

242 2299 450 2368 Gallorum
480 2297 694 2381 invasionem,
724 2317 742 2364 0
766 2298 901 2364 Timaeo
925 2316 999 2365 csse
1021 2297 1174 2381 petitum.
1222 2300 1316 2386 Quae
1340 2320 1414 2367 con-

241 2406 393 2473 firmatur
415 2406 586 2473 sententia
610 2405 696 2487 quod
711 2405 825 2488 capita
853 2411 1036 2489 111-112,
1064 2411 1247 2491 107-100,
1265 2407 1414 2489 aliasque

242 2518 358 2597 partes
381 2512 459 2582 libri
481 2513 583 2591 XIV,
613 2531 631 2578 0
655 2511 791 2578 Timaeo
819 2512 932 2578 hausit
959 2512 1134 2580 Diodorus.
1165 2512 1206 2579 01.
1231 2514 1414 2597 Volquard·

242 2640 301 2689 sen
324 2621 345 2687 l.
371 2621 390 2687 l.
423 2641 454 2705 p.
486 2625 536 2684 74.
581 2619 741 2702 Polybius
768 2637 895 2702 quoque
923 2619 952 2704 Ι,
983 2627 1012 2702 6,
1042 2620 1180 2687 eundem
1208 2621 1414 2704 synchronis-

242 2748 327 2796 mum
351 2746 369 2795 e
392 2727 530 2794 Timaeo
553 2726 732 2809 sumpsisse
755 2725 898 2794 uidetur.

333 2839 431 2904 Inter
453 2840 581 2903 ceteros
606 2834 859 2902 commentarios
882 2833 1058 2902 historicos
1082 2833 1262 2919 longiorem
1277 2835 1414 2920 indaga·

244 2945 279 3011 vi
301 2947 429 3028 partem
452 2962 550 3025 quam
573 2942 742 3010 annalium
765 2941 920 3024 scriptori
936 2940 1097 3026 derogare
1121 2941 1235 3009 audeo.
1274 2943 1316 3009 In
1339 2942 1414 3009 lib-

245 3070 287 3118 ro
310 3050 387 3117 XX
410 3068 438 3115 c.
464 3056 525 3113 101
549 3067 742 3135 progressus
766 3054 819 3115 001
835 3047 1001 3116 Diodorus
1024 3067 1127 3130 usque
1150 3049 1194 3114 ad
1216 3049 1314 3116 finem
1336 3050 1416 3117 belli

247 3157 335 3224 inter
357 3157 525 3224 Romanos
548 3160 583 3222 01
607 3155 777 3223 Samnitas
801 3155 900 3240 gesti.
938 3155 1037 3222 Bella
1053 3153 1238 3223 Samnitica
1259 3155 1351 3222 illum
1375 3174 1417 3222 ex

246 3263 414 3334 annalium
438 3263 599 3347 scriptore
622 3261 826 3345 excerpsisse
841 3261 1054 3329 manifestum
1070 3266 1132 3329 001.
1157 3263 1210 3328 Ea
1225 3280 1314 3341 vero,
1332 3281 1416 3344 quae

244 3371 280 3438 in
309 3369 475 3454 capitibus
510 3376 572 3434 104
604 3374 643 3435 01
674 3376 735 3434 105
768 3375 925 3448 enarrat,
955 3388 974 3435 0
1002 3368 1133 3437 Graeco
1161 3369 1297 3436 fluxisse
1323 3368 1416 3436 fonte

245 3497 440 3564 persuasum
462 3477 542 3544 mibi
564 3478 679 3545 habeo.
720 3476 846 3565 Quibus
870 3476 1035 3560 capitibus
1059 3476 1132 3544 fuse
1156 3481 1191 3543 ct
1211 3475 1338 3556 0001000
1353 3495 1416 3543 000

243 3606 265 3654 a
289 3585 514 3669 Cleonymo,
540 3582 634 3651 duce
657 3582 1057 3652 Lacedaemoniorum
1080 3601 1166 3650 auno
1198 3589 1259 3648 451
1297 3588 1417 3669 gestae

243 3692 481 3762 describuntur.
549 3691 770 3777 Quaecunque
801 3709 880 3759 uero
909 3689 1016 3757 tradit
1046 3689 1213 3757 Diodorus
1243 3690 1284 3758 de
1314 3689 1417 3757 factis

222 3798 455 3881 'consiliisque
483 3797 662 3882 Oleonymi,
691 3797 749 3866 vix
777 3801 933 3881 spectant
961 3797 1004 3864 ad
1027 3815 1080 3864 res
1103 3797 1287 3880 Romanas3
1311 3815 1417 3879 neque

243 3906 428 3991 comparari
459 3908 598 3989 possunt
628 3923 701 3973 cum
733 3904 781 3972 eis
813 3923 897 3987 qnae
928 3903 1045 3973 Liuius
1077 3904 1116 3970 X
1148 3909 1166 3967 2
1196 3904 1238 3990 (a.
1272 3905 1349 3990 452)
1377 3904 1417 3971 de

243 4013 447 4083 Graecorum
473 4012 582 4080 classe
611 4011 790 4095 Oleonymo
819 4010 899 4079 duce
928 4011 972 4078 ad
999 4009 1125 4077 Italiae
1151 4010 1252 4078 litora
1275 4010 1416 4095 adpulsa

245 4126 280 4188 et
294 4119 431 4188 Aemilii
454 4119 596 4188 consulis
613 4119 756 4189 victoria
771 4118 947 4186 memoriae
962 4116 1078 4184 tradit.
1116 4117 1280 4187 Diodorus
1300 4123 1417 4186 narrat

245 4245 328 4295 anno
356 4234 418 4293 451
449 4227 649 4298 Tarentinos
673 4226 790 4309 quibus
819 4226 943 4294 bellum
970 4223 1072 4291 fuerit
1099 4243 1171 4292 cum
1194 4225 1353 4292 Romanis
1382 4230 1417 4293 et

244 4333 387 4402 Lucanis
410 4355 430 4402 a
454 4332 728 4403 Lacedaemoniis
750 4332 923 4417 petivisse,
947 4335 986 4398 nt
1002 4330 1214 4416 Cleonymum
1237 4351 1309 4399 cum
1325 4351 1416 4400 exer-

245 4441 317 4509 citu
338 4443 461 4510 auxilio
485 4443 549 4511 sibi
568 4442 753 4510 mitterent.
793 4439 898 4527 Quem
921 4439 1050 4524 magnis
1074 4457 1146 4507 cum
1169 4439 1416 4523 00011οΤ0000-

243 4552 315 4615 tum
345 4550 485 4619 venisse.
542 4549 615 4636 Qua
651 4567 688 4615 rc
715 4547 912 4632 perterritos
940 4547 1092 4614 Lucanos
1123 4565 1195 4614 oum
1226 4544 1416 4614 Tarentinis
1535 4617 1544 4634 ‚
