3410 5052
721 321 939 381 „17-

333 503 364 570 m
380 500 542 568 similibus
558 496 792 581 discrepantiis
808 515 893 579 quae
909 499 1006 563 erant
1021 495 1111 562 inter
1126 495 1295 563 annalium
1311 494 1411 578 scrip·

245 616 350 678 torem
373 613 408 676 et
431 607 556 674 fontem
579 603 841 688 chronologicum
863 602 966 670 etiam
994 601 1082 670 aliae
1110 601 1317 671 confusiones
1345 601 1413 672 fas·

245 723 354 785 torum
376 712 514 780 Diodori
536 711 769 795 profluxerunt.
815 709 911 777 Inter
934 729 1037 777 annos

336 827 400 887 326
424 818 525 905 (ΧΠ,
551 822 605 902 75)
633 825 719 894 Τίτος
742 823 897 892 Κοίντιος
911 813 1014 894 Αὖλος
1036 817 1210 898 Κορνήλιος
1233 815 1354 894 Κόσσος
1377 820 1413 884 et

337 934 398 993 327
417 927 515 1010 (XII,
533 929 585 1008 78)
609 924 737 1000 Λεύκιος
762 929 915 1006 Παπίριος
941 924 1141 1003 Μινυγιλανός
1170 923 1264 1000 Γάιος
1286 931 1414 1007 Σερουί-

521 1085 525 1094 .
1099 1039 1166 1108 tog
1187 1039 1371 1114 Sapadenses

247 1141 396 1210 intericit
419 1139 583 1208 Diodorus
607 1139 756 1206 consules
779 1139 819 1205 L.
842 1138 1032 1224 Quinctium
1059 1143 1094 1206 et
1120 1136 1165 1206 A.
1190 1138 1415 1224 Sempronium

249 1248 351 1335 (XH,
382 1247 446 1334 77).
505 1244 599 1331 Quod
632 1245 806 1330 collegium
840 1265 859 1312 6
887 1247 1010 1313 duobus
1045 1246 1121 1314 aliis
1159 1247 1306 1333 collegiis
1341 1265 1416 1316 asse

158 1354 160 1358 ’
248 1359 417 1423 consutum
450 1355 633 1420 Mommsen
666 1352 742 1420 olim
775 1352 899 1420 statuit
934 1351 1022 1434 (Chr.
1050 1352 1163 1419 Rom.⁹
1189 1374 1219 1437 p.
1246 1360 1307 1420 122
1339 1353 1415 1422 adn.

251 1462 341 1548 226),
369 1479 455 1528 nunc
484 1479 563 1530 vero
590 1460 661 1543 ipse
688 1459 875 1544 improbata
901 1458 1009 1542 priore
1037 1461 1206 1528 sententia
1229 1462 1281 1544 (R.
1304 1461 1343 1529 F.
1366 1462 1415 1546 H,

251 1575 324 1644 262,
349 1568 428 1655 263)
451 1587 492 1634 ex
515 1567 702 1650 antiquiore
724 1566 885 1634 fastorem
907 1565 1015 1633 166166
1038 1585 1111 1634 6666
1133 1569 1289 1636 haustum
1311 1566 1416 1652 suspi-

250 1679 359 1759 66166
389 1693 508 1742 causas
536 1693 616 1742 varo
645 1674 763 1756 quibus
786 1674 830 1742 ad
852 1675 938 1740 hanc
961 1673 1123 1742 adductus
1146 1676 1192 1744 611
1215 1675 1418 1743 6661661166

248 1802 314 1850 666
336 1781 440 1854 addit.
487 1781 659 1850 Oichorius
681 1782 703 1849 l.
727 1783 749 1848 l.
773 1801 804 1865 p.
831 1787 905 1846 216.
928 1780 1003 1848 666.
1034 1787 1133 1864 putat
1161 1783 1311 1850 consules
1339 1780 1418 1848 anni

250 1895 314 1953 326
349 1889 461 1956 Titum
500 1888 745 1974 Quinctium,
784 1887 929 1954 Aulum
967 1887 1153 1955 Cornelium
1191 1888 1343 1973 066666,
1382 1892 1418 1955 61

249 2014 320 2078 666,
353 2013 433 2076 quos
464 2000 622 2077 sequente
654 2014 740 2063 anno
771 1994 841 2062 6611
870 1994 1035 2062 Diodorus
1066 1996 1166 2078 (XII,
1193 1996 1247 2080 77)
1279 1993 1418 2063 Lucium

250 2101 485 2188 Quinctium,
508 2100 650 2170 Aulum
666 2101 891 2185 Sempronium
906 2121 988 2170 unos
1004 2100 1199 2185 eosdemque
1222 2121 1297 2170 esse
1312 2100 1418 2186 vir0s;

251 2349 444 2417 duovicesimo,
454 2349 503 2406 sad
512 2349 566 2404 666
574 2348 740 2405 6161666166
748 2348 831 2405 scribi
841 2349 972 2418 oportuit.
986 2347 1058 2418 Quid
1064 2348 1136 2404 enim
1146 2353 1191 2404 est
1197 2347 1417 2406 duovicesimo?l

251 2438 303 2494 Oui
319 2437 450 2508 scriptori
467 2437 608 2493 annalium
626 2437 673 2506 qui
691 2436 809 2494 Soltavii
827 2438 967 2495 sententia
984 2437 1099 2493 Diodori
1125 2435 1188 2495 fons
1208 2438 1311 2508 fuerat,
1329 2453 1420 2495 66666

251 2543 304 2596 qno
322 2526 441 2598 primum
460 2542 475 2582 6
493 2526 609 2596 plebeiis
628 2527 724 2582 666661
749 2531 886 2584 creatus
910 2532 985 2596 erat,
1009 2526 1159 2583 vicesimus
1183 2527 1257 2583 alter
1275 2532 1338 2584 erat
1355 2532 1420 2598 post

250 2617 355 2673 Romae
387 2615 550 2672 incendium.
597 2615 654 2687 (Sic
681 2619 758 2672 recte
787 2616 873 2672 verba
901 2616 1122 2687 interpretantur
1151 2616 1302 2674 Mommsen
1326 2615 1359 2673 R.
1387 2615 1420 2675 F.

251 2709 303 2762 678
322 2705 384 2762 666.
409 2708 469 2762 127.
495 2705 592 2761 861166
617 2705 679 2760 616.
702 2703 736 2758 R.
760 2721 786 2774 p.
806 2705 859 2760 378
882 2705 944 2761 666.
964 2708 1001 2777 6).
1049 2706 1145 2762 661166
1172 2705 1329 2776 suspicatur
1355 2703 1420 2761 Dio·

254 2797 350 2852 dorum
368 2794 445 2851 illam
465 2794 686 2866 chronologicam
705 2793 927 2865 adnotationem,
951 2810 1032 2864 qnam
1056 2796 1203 2853 invenerat
1219 2795 1247 2849 16
1266 2794 1420 2864 16616666,

254 2885 294 2938 616
311 2895 344 2939 61
360 2885 451 2941 virum
468 2884 547 2939 illum
572 2885 683 2940 666166
707 2882 875 2953 Romanum,
898 2883 932 2940 de
957 2900 1010 2954 quo
1028 2884 1099 2940 dicit
1116 2882 1231 2953 Gellius,
1250 2883 1321 2940 falso
1339 2883 1421 2940 intel·

254 2971 356 3028 lexisse
383 2978 413 3028 et
441 2972 658 3043 „duovicesim0“
686 2973 759 3029 1666
786 2973 873 3029 fuisse
905 2978 996 3042 atque
1018 2973 1269 3043 „duodevicesimo“
1299 2978 1420 3044 putasse.

255 3058 315 3126 Quo
335 3076 428 3117 errore
446 3076 507 3116 6666
526 3060 675 3117 adductum
693 3062 851 3132 Diodorum,
870 3068 903 3118 ut
914 3062 977 3119 inde
990 3061 1024 3117 ab
1037 3079 1109 3118 anno
1122 3063 1175 3117 364
1186 3078 1274 3132 usque
1287 3063 1323 3119 ad
1340 3062 1422 3118 11666

254 3147 319 3204 6661
337 3149 389 3205 387
407 3165 462 3205 666
484 3148 586 3218 viginti
612 3154 641 3205 at
658 3155 732 3220 tres,
758 3152 807 3208 sed
825 3151 1016 3222 duodeviginti
1028 3151 1230 3220 computaverit
1247 3167 1342 3208 annos.
1364 3150 1422 3207 Fac

255 3236 370 3293 Fabium
393 3237 472 3292 illum
498 3237 611 3293 Diodori
638 3238 744 3295 fontem
770 3239 870 3297 1616661
913 3239 1097 3296 Nihilominus
1121 3256 1221 3297 causae
1245 3245 1292 3297 sat
1320 3255 1423 3311 graves

254 3326 426 3397 redarguunt
450 3327 566 3382 Soltarii
589 3328 755 3384 sententiam
783 3345 853 3398 quae
881 3328 1061 3398 simplicitate
1090 3333 1119 3384 et
1142 3329 1344 3400 perspicuitate
1367 3344 1423 3386 non

255 3415 465 3471 commendatur.
508 3414 604 3471 Nonne
628 3421 736 3473 tantum
761 3434 843 3474 curae
862 3423 892 3474 et
916 3418 1079 3488 diligentiae
1098 3417 1252 3474 attribuere
1277 3433 1422 3497 possumus

254 3504 376 3560 Diodoro
393 3509 427 3559 ut
445 3504 588 3561 credamus
608 3522 677 3576 666,
696 3507 855 3576 priusquam
874 3507 1009 3564 deleverit
1027 3508 1147 3577 quinque
1165 3507 1291 3578 66116616,
1313 3507 1343 3564 16
1367 3506 1422 3563 166-

254 3600 346 3648 torum
365 3608 414 3648 suo
432 3593 521 3650 indice
540 3593 640 3650 seriem
659 3611 791 3652 annorum
809 3596 873 3652 inde
891 3595 926 3652 ab
943 3595 1070 3652 incendio
1088 3596 1164 3653 urbis
1182 3611 1269 3665 usque
1286 3596 1323 3653 ad
1335 3595 1423 3652 Sextii

255 3683 429 3738 consulatum
440 3682 649 3753 percensuisse?
671 3684 758 3741 Porro
771 3701 801 3741 re
813 3691 890 3742 recte
901 3702 1038 3756 perpensa
1049 3701 1084 3743 ne
1095 3687 1225 3741 numerat
1237 3684 1346 3755 quidem
1358 3683 1423 3741 Dio·

255 3773 339 3828 dorus
356 3772 431 3828 inter
449 3788 534 3828 annos
552 3775 605 3828 387
625 3774 717 3829 61387
731 3774 920 3846 duodeviginti
933 3792 1019 3832 annos
1037 3779 1070 3830 61
1088 3772 1254 3844 persuadere
1266 3773 1345 3831 nohis
1362 3773 1425 3832 uult

255 3863 352 3918 861166
380 3863 429 3918 666
455 3862 526 3918 61661
550 3862 599 3917 6111
628 3862 730 3934 viginti
758 3868 787 3920 et
814 3870 887 3932 tres,
917 3881 978 3920 cum
1005 3864 1086 3919 initio
1115 3861 1179 3918 libri
1202 3862 1254 3918 XV
1277 3862 1425 3919 intercalet

255 3952 374 4020 quinque
393 3951 511 4021 collegia
531 3951 673 4007 66666166
690 3951 874 4009 Romanorum
892 3954 1028 4023 simulque
1046 3950 1190 4008 continuet
1207 3951 1377 4022 olympiadas
1392 3956 1424 4010 et

255 4041 416 4096 archontum
441 4040 651 4097 Atheniensium
679 4041 809 4098 tabulam.
851 4042 954 4099 Incidit
977 4047 1125 4114 praeterea
1149 4041 1245 4097 Solteu
1270 4040 1424 4111 suspicione

258 4131 355 4186 66616
374 4131 445 4186 61166
465 4130 611 4201 angustias
630 4138 659 4187 61
670 4139 778 4201 pugnat
795 4133 876 4201 quasi
894 4147 986 4188 secum
1004 4131 1072 4202 ipse.
1108 4129 1279 4188 Defenderat
1291 4129 1364 4187 6616
1380 4131 1425 4187 vir

258 4219 354 4277 doctus
373 4221 402 4275 in
422 4219 538 4290 „Philol
557 4219 713 4276 Rundsch.“
735 4223 804 4278 1884
821 4238 847 4292 p.
861 4224 914 4277 617
933 4220 1057 4289 Fabium,
1078 4219 1156 4276 illum
1178 4219 1317 4276 annalium
1339 4218 1424 4290 scrip·

258 4312 356 4378 torem,
369 4307 403 4365 de
416 4309 495 4365 cuius
508 4309 617 4380 agimus
629 4309 795 4380 fragmento,
809 4309 1070 4379 quadriennium
1082 4309 1229 4390 ansrcbiae
1242 4313 1424 4380 computasse.

257 4395 308 4467 (sic
333 4396 417 4453 etiam
436 4398 588 4455 11666666
606 4399 624 4454 l.
638 4399 657 4454 l.
675 4415 702 4469 p.
721 4400 756 4454 36
774 4398 837 4456 666.
857 4401 912 4470 19).
949 4399 1073 4456 Eundem
1093 4398 1210 4456 Fabium
1231 4397 1347 4454 Diodori
1365 4397 1425 4454 166-

257 4489 314 4542 166
341 4484 426 4544 faisse
453 4493 544 4559 putat.
582 4487 765 4544 Nihilominus
792 4489 937 4546 contendit
962 4490 980 4545 l.
995 4490 1013 4547 l.
1031 4507 1059 4561 p.
1087 4491 1148 4558 642,
1176 4489 1237 4545 686.
1274 4486 1425 4546 Diodorum

257 4575 416 4632 anarchiam
434 4576 536 4632 unius
560 4577 641 4632 anni
660 4577 757 4633 debere
776 4579 916 4634 annalium
935 4577 1074 4649 scriptori!
