<?xml version="1.0" encoding="UTF-8"?>
<!DOCTYPE html PUBLIC "-//W3C//DTD XHTML 1.0 Transitional//EN"
    "http://www.w3.org/TR/xhtml1/DTD/xhtml1-transitional.dtd">
<html xmlns="http://www.w3.org/1999/xhtml" xml:lang="en" lang="en">
 <head>
  <title>
</title>
<meta http-equiv="Content-Type" content="text/html;charset=utf-8" />
  <meta name='ocr-system' content='tesseract 3.04.00' />
  <meta name='ocr-capabilities' content='ocr_page ocr_carea ocr_par ocr_line ocrx_word'/>
</head>
<body>
  <div class='ocr_page' id='page_1' title='image "./dediodorirerumr00badegoog_0048.png"; bbox 0 0 3410 5052; ppageno 0'>
   <div class='ocr_carea' id='block_1_1' title="bbox 763 242 980 302">
    <p class='ocr_par' dir='ltr' id='par_1_1' title="bbox 763 242 980 302">
     <span class='ocr_line' id='line_1_1' title="bbox 763 242 980 302; baseline 0 -16"><span class='ocrx_word' id='word_1_1' title='bbox 763 242 980 302; x_wconf 77' lang='lat'>..39-</span> 
     </span>
    </p>
   </div>
   <div class='ocr_carea' id='block_1_2' title="bbox 277 413 1457 2537">
    <p class='ocr_par' dir='ltr' id='par_1_2' title="bbox 277 413 1457 2537">
     <span class='ocr_line' id='line_1_2' title="bbox 288 413 1456 495; baseline -0.009 -5"><span class='ocrx_word' id='word_1_2' title='bbox 288 424 380 490; x_wconf 87' lang='lat' dir='ltr'>libus.</span> <span class='ocrx_word' id='word_1_3' title='bbox 427 421 542 492; x_wconf 84' lang='lat' dir='ltr'>Verba</span> <span class='ocrx_word' id='word_1_4' title='bbox 566 417 654 484; x_wconf 89' lang='lat' dir='ltr'>enim</span> <span class='ocrx_word' id='word_1_5' title='bbox 681 435 780 495; x_wconf 87' lang='lat' dir='ltr'>„sane</span> <span class='ocrx_word' id='word_1_6' title='bbox 808 414 1006 484; x_wconf 83' lang='lat' dir='ltr'>sciendum.</span> <span class='ocrx_word' id='word_1_7' title='bbox 1034 466 1040 478; x_wconf 93' lang='lat'>.</span> <span class='ocrx_word' id='word_1_8' title='bbox 1066 463 1106 479; x_wconf 92' lang='lat'>..</span> <span class='ocrx_word' id='word_1_9' title='bbox 1139 413 1345 480; x_wconf 82' lang='lat' dir='ltr'>ablueretur“</span> <span class='ocrx_word' id='word_1_10' title='bbox 1378 430 1456 480; x_wconf 89' lang='lat' dir='ltr'>neu·</span> 
     </span>
     <span class='ocr_line' id='line_1_3' title="bbox 286 519 1457 612; baseline -0.009 -15"><span class='ocrx_word' id='word_1_11' title='bbox 286 531 413 612; x_wconf 86' lang='lat' dir='ltr'>tiquam</span> <span class='ocrx_word' id='word_1_12' title='bbox 435 526 536 594; x_wconf 92' lang='lat' dir='ltr'>Fabii</span> <span class='ocrx_word' id='word_1_13' title='bbox 562 529 642 593; x_wconf 88' lang='lat' dir='ltr'>sunt</span> <span class='ocrx_word' id='word_1_14' title='bbox 665 525 769 592; x_wconf 90' lang='lat' dir='ltr'>verba</span> <span class='ocrx_word' id='word_1_15' title='bbox 793 522 838 605; x_wconf 87' lang='lat' dir='ltr'>(id</span> <span class='ocrx_word' id='word_1_16' title='bbox 860 522 946 605; x_wconf 90' lang='lat' dir='ltr'>quod</span> <span class='ocrx_word' id='word_1_17' title='bbox 967 522 1072 590; x_wconf 86' lang='lat' dir='ltr'>Peter</span> <span class='ocrx_word' id='word_1_18' title='bbox 1087 521 1219 598; x_wconf 82' lang='lat' dir='ltr'>eredere</span> <span class='ocrx_word' id='word_1_19' title='bbox 1234 519 1382 607; x_wconf 88' lang='lat' dir='ltr'>videtur)</span> <span class='ocrx_word' id='word_1_20' title='bbox 1398 520 1457 587; x_wconf 88' lang='lat' dir='ltr'>sad</span> 
     </span>
     <span class='ocr_line' id='line_1_4' title="bbox 284 627 1456 718; baseline -0.009 -13"><span class='ocrx_word' id='word_1_21' title='bbox 284 637 407 706; x_wconf 85' lang='lat' dir='ltr'>Servii.</span> <span class='ocrx_word' id='word_1_22' title='bbox 455 634 494 702; x_wconf 85' lang='lat' dir='ltr'>Si</span> <span class='ocrx_word' id='word_1_23' title='bbox 519 633 621 718; x_wconf 84' lang='lat' dir='ltr'>igitur</span> <span class='ocrx_word' id='word_1_24' title='bbox 644 630 754 699; x_wconf 83' lang='lat' dir='ltr'>Servii</span> <span class='ocrx_word' id='word_1_25' title='bbox 775 629 870 698; x_wconf 90' lang='lat' dir='ltr'>libris</span> <span class='ocrx_word' id='word_1_26' title='bbox 896 629 1039 703; x_wconf 78' lang='lat' dir='ltr'>„Fabius</span> <span class='ocrx_word' id='word_1_27' title='bbox 1055 628 1170 695; x_wconf 83' lang='lat' dir='ltr'>Pictor</span> <span class='ocrx_word' id='word_1_28' title='bbox 1193 627 1293 694; x_wconf 59' lang='lat' dir='ltr'>dicite</span> <span class='ocrx_word' id='word_1_29' title='bbox 1319 647 1356 695; x_wconf 92' lang='lat' dir='ltr'>re</span> <span class='ocrx_word' id='word_1_30' title='bbox 1375 647 1456 696; x_wconf 90' lang='lat' dir='ltr'>vera</span> 
     </span>
     <span class='ocr_line' id='line_1_5' title="bbox 283 734 1456 820; baseline -0.005 -10"><span class='ocrx_word' id='word_1_31' title='bbox 283 743 549 816; x_wconf 78' lang='lat' dir='ltr'>confirmaretur,</span> <span class='ocrx_word' id='word_1_32' title='bbox 581 739 663 808; x_wconf 90' lang='lat' dir='ltr'>illud</span> <span class='ocrx_word' id='word_1_33' title='bbox 697 738 873 806; x_wconf 87' lang='lat' dir='ltr'>frustulum</span> <span class='ocrx_word' id='word_1_34' title='bbox 911 737 1054 820; x_wconf 78' lang='lat' dir='ltr'><strong>„Fabius</strong></span> <span class='ocrx_word' id='word_1_35' title='bbox 1088 735 1204 802; x_wconf 80' lang='lat' dir='ltr'><strong>Pictor</strong></span> <span class='ocrx_word' id='word_1_36' title='bbox 1239 734 1333 815; x_wconf 87' lang='lat' dir='ltr'>dioit,</span> <span class='ocrx_word' id='word_1_37' title='bbox 1369 737 1456 819; x_wconf 87' lang='lat' dir='ltr'>quod</span> 
     </span>
     <span class='ocr_line' id='line_1_6' title="bbox 282 842 1455 917; baseline -0.006 0"><span class='ocrx_word' id='word_1_38' title='bbox 282 851 417 917; x_wconf 86' lang='lat' dir='ltr'>Amata</span> <span class='ocrx_word' id='word_1_39' title='bbox 439 847 548 915; x_wconf 81' lang='lat' dir='ltr'>lnedIa</span> <span class='ocrx_word' id='word_1_40' title='bbox 572 865 607 914; x_wconf 88' lang='lat' dir='ltr'>se</span> <span class='ocrx_word' id='word_1_41' title='bbox 627 845 856 913; x_wconf 60' lang='lat' dir='ltr'>interemeris</span> <span class='ocrx_word' id='word_1_42' title='bbox 882 843 1023 912; x_wconf 83' lang='lat' dir='ltr'>Graecis</span> <span class='ocrx_word' id='word_1_43' title='bbox 1046 842 1221 911; x_wconf 81' lang='lat' dir='ltr'><strong>annalibus</strong></span> <span class='ocrx_word' id='word_1_44' title='bbox 1236 842 1455 910; x_wconf 78' lang='lat' dir='ltr'>attribuerem</span> 
     </span>
     <span class='ocr_line' id='line_1_7' title="bbox 286 949 1455 1038; baseline -0.005 -14"><span class='ocrx_word' id='word_1_45' title='bbox 286 957 344 1037; x_wconf 84' lang='lat' dir='ltr'>(of.</span> <span class='ocrx_word' id='word_1_46' title='bbox 371 956 413 1023; x_wconf 90' lang='lat' dir='ltr'>du</span> <span class='ocrx_word' id='word_1_47' title='bbox 435 954 529 1034; x_wconf 86' lang='lat' dir='ltr'>Rieu,</span> <span class='ocrx_word' id='word_1_48' title='bbox 555 954 718 1038; x_wconf 86' lang='lat' dir='ltr'>degente</span> <span class='ocrx_word' id='word_1_49' title='bbox 741 951 849 1018; x_wconf 91' lang='lat' dir='ltr'>Fabia</span> <span class='ocrx_word' id='word_1_50' title='bbox 872 972 902 1037; x_wconf 89' lang='lat' dir='ltr'>p.</span> <span class='ocrx_word' id='word_1_51' title='bbox 930 956 1016 1032; x_wconf 81' lang='lat'><strong>175).</strong></span> <span class='ocrx_word' id='word_1_52' title='bbox 1062 949 1195 1034; x_wconf 84' lang='lat' dir='ltr'>Duplici</span> <span class='ocrx_word' id='word_1_53' title='bbox 1225 949 1329 1036; x_wconf 81' lang='lat' dir='ltr'>igitur</span> <span class='ocrx_word' id='word_1_54' title='bbox 1352 970 1455 1020; x_wconf 84' lang='lat' dir='ltr'>eausa</span> 
     </span>
     <span class='ocr_line' id='line_1_8' title="bbox 284 1059 1050 1147; baseline -0.009 -16"><span class='ocrx_word' id='word_1_55' title='bbox 284 1064 349 1130; x_wconf 85' lang='lat' dir='ltr'>hoo</span> <span class='ocrx_word' id='word_1_56' title='bbox 371 1062 591 1147; x_wconf 80' lang='lat' dir='ltr'>fragmentum</span> <span class='ocrx_word' id='word_1_57' title='bbox 613 1082 632 1128; x_wconf 91' lang='lat' dir='ltr'>e</span> <span class='ocrx_word' id='word_1_58' title='bbox 655 1059 761 1127; x_wconf 91' lang='lat' dir='ltr'>medio</span> <span class='ocrx_word' id='word_1_59' title='bbox 784 1059 965 1127; x_wconf 89' lang='lat' dir='ltr'>tollendum</span> <span class='ocrx_word' id='word_1_60' title='bbox 988 1062 1050 1126; x_wconf 88' lang='lat' dir='ltr'>est.</span> 
     </span>
     <span class='ocr_line' id='line_1_9' title="bbox 286 1165 1452 1256; baseline -0.007 -19"><span class='ocrx_word' id='word_1_61' title='bbox 286 1179 296 1198; x_wconf 94' lang='lat'>&#39;</span> <span class='ocrx_word' id='word_1_62' title='bbox 374 1171 420 1236; x_wconf 88' lang='lat' dir='ltr'>II.</span> <span class='ocrx_word' id='word_1_63' title='bbox 448 1169 502 1256; x_wconf 84' lang='lat' dir='ltr'>(ir.</span> <span class='ocrx_word' id='word_1_64' title='bbox 529 1175 547 1232; x_wconf 90' lang='lat'>2</span> <span class='ocrx_word' id='word_1_65' title='bbox 575 1170 638 1251; x_wconf 92' lang='grc' dir='ltr'>Ρ.).</span> <span class='ocrx_word' id='word_1_66' title='bbox 691 1167 856 1254; x_wconf 76' lang='lat' dir='ltr'>Quintil.</span> <span class='ocrx_word' id='word_1_67' title='bbox 880 1167 913 1250; x_wconf 85' lang='grc' dir='ltr'>Ι,</span> <span class='ocrx_word' id='word_1_68' title='bbox 939 1173 969 1250; x_wconf 84' lang='grc'>6,</span> <span class='ocrx_word' id='word_1_69' title='bbox 996 1171 1046 1230; x_wconf 89' lang='grc'>12.</span> <span class='ocrx_word' id='word_1_70' title='bbox 1092 1165 1204 1247; x_wconf 73' lang='lat' dir='ltr'>[supas</span> <span class='ocrx_word' id='word_1_71' title='bbox 1233 1165 1452 1244; x_wconf 78' lang='lat' dir='ltr'>maseatiaum,</span> 
     </span>
     <span class='ocr_line' id='line_1_10' title="bbox 286 1272 1453 1360; baseline -0.003 -18"><span class='ocrx_word' id='word_1_72' title='bbox 286 1297 472 1360; x_wconf 65' lang='lat' dir='ltr'>qumquam</span> <span class='ocrx_word' id='word_1_73' title='bbox 501 1277 599 1344; x_wconf 79' lang='lat' dir='ltr'>Varro</span> <span class='ocrx_word' id='word_1_74' title='bbox 621 1276 657 1340; x_wconf 79' lang='lat' dir='ltr'>ia</span> <span class='ocrx_word' id='word_1_75' title='bbox 679 1295 713 1340; x_wconf 86' lang='lat' dir='ltr'>ao</span> <span class='ocrx_word' id='word_1_76' title='bbox 728 1275 814 1354; x_wconf 76' lang='lat' dir='ltr'>libro,</span> <span class='ocrx_word' id='word_1_77' title='bbox 838 1295 897 1356; x_wconf 78' lang='lat' dir='ltr'>quo</span> <span class='ocrx_word' id='word_1_78' title='bbox 915 1274 1010 1339; x_wconf 74' lang='lat' dir='ltr'>tuitio</span> <span class='ocrx_word' id='word_1_79' title='bbox 1026 1273 1190 1340; x_wconf 72' lang='lat' dir='ltr'>Romarm</span> <span class='ocrx_word' id='word_1_80' title='bbox 1204 1272 1293 1338; x_wconf 78' lang='lat' dir='ltr'>urbis</span> <span class='ocrx_word' id='word_1_81' title='bbox 1313 1279 1453 1358; x_wconf 77' lang='lat' dir='ltr'>arturrut,¹</span> 
     </span>
     <span class='ocr_line' id='line_1_11' title="bbox 288 1379 1452 1467; baseline -0.002 -18"><span class='ocrx_word' id='word_1_82' title='bbox 288 1385 415 1467; x_wconf 68' lang='lat' dir='ltr'>,dapum</span> <span class='ocrx_word' id='word_1_83' title='bbox 434 1383 608 1467; x_wconf 60' lang='lat' dir='ltr'>souiauw</span> <span class='ocrx_word' id='word_1_84' title='bbox 640 1381 716 1447; x_wconf 79' lang='lat' dir='ltr'>dicit</span> <span class='ocrx_word' id='word_1_85' title='bbox 743 1382 887 1447; x_wconf 62' lang='lat' dir='ltr'>Maium</span> <span class='ocrx_word' id='word_1_86' title='bbox 914 1381 1129 1463; x_wconf 76' lang='lat' dir='ltr'>Pictoremque</span> <span class='ocrx_word' id='word_1_87' title='bbox 1157 1379 1294 1445; x_wconf 77' lang='lat' dir='ltr'>Fubiruu</span> <span class='ocrx_word' id='word_1_88' title='bbox 1315 1386 1452 1447; x_wconf 77' lang='lat' dir='ltr'>secutus.</span> 
     </span>
     <span class='ocr_line' id='line_1_12' title="bbox 376 1487 1450 1575; baseline -0.002 -19"><span class='ocrx_word' id='word_1_89' title='bbox 376 1491 482 1562; x_wconf 88' lang='lat' dir='ltr'>Varro</span> <span class='ocrx_word' id='word_1_90' title='bbox 504 1489 610 1575; x_wconf 85' lang='lat' dir='ltr'>igitur</span> <span class='ocrx_word' id='word_1_91' title='bbox 628 1489 711 1557; x_wconf 90' lang='lat' dir='ltr'>item</span> <span class='ocrx_word' id='word_1_92' title='bbox 726 1493 827 1571; x_wconf 88' lang='lat' dir='ltr'>atque</span> <span class='ocrx_word' id='word_1_93' title='bbox 842 1488 970 1556; x_wconf 86' lang='lat' dir='ltr'>anius</span> <span class='ocrx_word' id='word_1_94' title='bbox 986 1493 1021 1556; x_wconf 88' lang='lat' dir='ltr'>et</span> <span class='ocrx_word' id='word_1_95' title='bbox 1036 1487 1161 1555; x_wconf 82' lang='lat' dir='ltr'>Fabius</span> <span class='ocrx_word' id='word_1_96' title='bbox 1181 1487 1293 1571; x_wconf 87' lang='lat' dir='ltr'>„lupus</span> <span class='ocrx_word' id='word_1_97' title='bbox 1308 1487 1450 1554; x_wconf 85' lang='lat' dir='ltr'>femina“</span> 
     </span>
     <span class='ocr_line' id='line_1_13' title="bbox 286 1594 1454 1684; baseline -0.003 -20"><span class='ocrx_word' id='word_1_98' title='bbox 286 1597 377 1664; x_wconf 81' lang='lat' dir='ltr'>dixit.</span> <span class='ocrx_word' id='word_1_99' title='bbox 403 1597 458 1665; x_wconf 82' lang='lat' dir='ltr'>Sia</span> <span class='ocrx_word' id='word_1_100' title='bbox 470 1597 558 1665; x_wconf 90' lang='lat' dir='ltr'>enim</span> <span class='ocrx_word' id='word_1_101' title='bbox 570 1595 771 1684; x_wconf 78' lang='lat' dir='ltr'>Quintiliani</span> <span class='ocrx_word' id='word_1_102' title='bbox 786 1596 889 1664; x_wconf 91' lang='lat' dir='ltr'>verba</span> <span class='ocrx_word' id='word_1_103' title='bbox 904 1595 1124 1680; x_wconf 83' lang='lat' dir='ltr'>intelligenda</span> <span class='ocrx_word' id='word_1_104' title='bbox 1141 1614 1224 1680; x_wconf 86' lang='lat' dir='ltr'>esse,</span> <span class='ocrx_word' id='word_1_105' title='bbox 1241 1594 1396 1662; x_wconf 81' lang='lat' dir='ltr'>diseImus</span> <span class='ocrx_word' id='word_1_106' title='bbox 1412 1613 1454 1661; x_wconf 88' lang='lat' dir='ltr'>ex</span> 
     </span>
     <span class='ocr_line' id='line_1_14' title="bbox 282 1701 1452 1791; baseline -0.001 -19"><span class='ocrx_word' id='word_1_107' title='bbox 282 1703 384 1772; x_wconf 84' lang='lat' dir='ltr'>Funii</span> <span class='ocrx_word' id='word_1_108' title='bbox 397 1705 563 1773; x_wconf 77' lang='lat' dir='ltr'>versiculo</span> <span class='ocrx_word' id='word_1_109' title='bbox 584 1723 605 1770; x_wconf 89' lang='lat' dir='ltr'>a</span> <span class='ocrx_word' id='word_1_110' title='bbox 622 1703 737 1772; x_wconf 84' lang='lat' dir='ltr'>Servio</span> <span class='ocrx_word' id='word_1_111' title='bbox 754 1703 813 1791; x_wconf 92' lang='lat' dir='ltr'>(ad</span> <span class='ocrx_word' id='word_1_112' title='bbox 826 1703 912 1773; x_wconf 86' lang='lat' dir='ltr'>Aen.</span> <span class='ocrx_word' id='word_1_113' title='bbox 929 1704 978 1788; x_wconf 89' lang='lat' dir='ltr'>II,</span> <span class='ocrx_word' id='word_1_114' title='bbox 997 1709 1059 1767; x_wconf 81' lang='lat'>355</span> <span class='ocrx_word' id='word_1_115' title='bbox 1077 1702 1118 1769; x_wconf 84' lang='lat' dir='ltr'>oi.</span> <span class='ocrx_word' id='word_1_116' title='bbox 1135 1701 1176 1771; x_wconf 85' lang='lat' dir='ltr'>fr.</span> <span class='ocrx_word' id='word_1_117' title='bbox 1195 1710 1236 1767; x_wconf 82' lang='lat'>49</span> <span class='ocrx_word' id='word_1_118' title='bbox 1253 1702 1310 1790; x_wconf 87' lang='lat' dir='ltr'>V.)</span> <span class='ocrx_word' id='word_1_119' title='bbox 1337 1703 1452 1786; x_wconf 87' lang='lat' dir='ltr'>„lupus</span> 
     </span>
     <span class='ocr_line' id='line_1_15' title="bbox 281 1809 1453 1898; baseline 0 -20"><span class='ocrx_word' id='word_1_120' title='bbox 281 1811 405 1880; x_wconf 84' lang='lat' dir='ltr'>femina</span> <span class='ocrx_word' id='word_1_121' title='bbox 427 1811 501 1879; x_wconf 88' lang='lat' dir='ltr'>feta</span> <span class='ocrx_word' id='word_1_122' title='bbox 522 1813 679 1896; x_wconf 85' lang='lat' dir='ltr'>repenta“</span> <span class='ocrx_word' id='word_1_123' title='bbox 702 1815 846 1880; x_wconf 88' lang='lat' dir='ltr'>servato.</span> <span class='ocrx_word' id='word_1_124' title='bbox 886 1809 987 1894; x_wconf 86' lang='lat' dir='ltr'>Apud</span> <span class='ocrx_word' id='word_1_125' title='bbox 1002 1810 1243 1898; x_wconf 82' lang='lat' dir='ltr'>Quintilianum</span> <span class='ocrx_word' id='word_1_126' title='bbox 1266 1811 1307 1878; x_wconf 93' lang='lat' dir='ltr'>de</span> <span class='ocrx_word' id='word_1_127' title='bbox 1329 1811 1453 1879; x_wconf 86' lang='lat' dir='ltr'>Latine</span> 
     </span>
     <span class='ocr_line' id='line_1_16' title="bbox 280 1917 1452 2003; baseline -0.002 -19"><span class='ocrx_word' id='word_1_128' title='bbox 280 1920 406 2002; x_wconf 73' lang='lat' dir='ltr'>scripto</span> <span class='ocrx_word' id='word_1_129' title='bbox 417 1919 516 1986; x_wconf 80' lang='lat' dir='ltr'>Fabii</span> <span class='ocrx_word' id='word_1_130' title='bbox 532 1918 699 1986; x_wconf 82' lang='lat' dir='ltr'>cniusdam</span> <span class='ocrx_word' id='word_1_131' title='bbox 715 1938 814 2002; x_wconf 88' lang='lat' dir='ltr'>opera</span> <span class='ocrx_word' id='word_1_132' title='bbox 829 1917 1040 2003; x_wconf 82' lang='lat' dir='ltr'>cogitandum</span> <span class='ocrx_word' id='word_1_133' title='bbox 1057 1935 1131 1984; x_wconf 87' lang='lat' dir='ltr'>esse</span> <span class='ocrx_word' id='word_1_134' title='bbox 1146 1918 1220 1984; x_wconf 87' lang='lat' dir='ltr'>luae</span> <span class='ocrx_word' id='word_1_135' title='bbox 1238 1918 1363 1986; x_wconf 84' lang='lat' dir='ltr'>alarius</span> <span class='ocrx_word' id='word_1_136' title='bbox 1387 1922 1452 1986; x_wconf 89' lang='lat' dir='ltr'>est.</span> 
     </span>
     <span class='ocr_line' id='line_1_17' title="bbox 279 2024 1451 2110; baseline 0 -18"><span class='ocrx_word' id='word_1_137' title='bbox 279 2025 363 2092; x_wconf 91' lang='lat' dir='ltr'>Alia</span> <span class='ocrx_word' id='word_1_138' title='bbox 386 2032 440 2093; x_wconf 89' lang='lat' dir='ltr'>est</span> <span class='ocrx_word' id='word_1_139' title='bbox 463 2027 615 2109; x_wconf 80' lang='lat' dir='ltr'>quaestio</span> <span class='ocrx_word' id='word_1_140' title='bbox 646 2045 723 2093; x_wconf 92' lang='lat' dir='ltr'>num</span> <span class='ocrx_word' id='word_1_141' title='bbox 746 2027 787 2092; x_wconf 86' lang='lat' dir='ltr'>de</span> <span class='ocrx_word' id='word_1_142' title='bbox 809 2024 908 2092; x_wconf 90' lang='lat' dir='ltr'>Fabii</span> <span class='ocrx_word' id='word_1_143' title='bbox 931 2024 1064 2094; x_wconf 89' lang='lat' dir='ltr'>Latinis</span> <span class='ocrx_word' id='word_1_144' title='bbox 1095 2025 1271 2093; x_wconf 84' lang='lat' dir='ltr'>annalibus</span> <span class='ocrx_word' id='word_1_145' title='bbox 1303 2024 1451 2110; x_wconf 80' lang='lat' dir='ltr'>rogitan-</span> 
     </span>
     <span class='ocr_line' id='line_1_18' title="bbox 282 2133 1450 2217; baseline 0 -19"><span class='ocrx_word' id='word_1_146' title='bbox 282 2133 358 2199; x_wconf 89' lang='lat' dir='ltr'>dum</span> <span class='ocrx_word' id='word_1_147' title='bbox 382 2133 437 2200; x_wconf 88' lang='lat' dir='ltr'>sit.</span> <span class='ocrx_word' id='word_1_148' title='bbox 484 2133 552 2200; x_wconf 79' lang='lat' dir='ltr'>Gur</span> <span class='ocrx_word' id='word_1_149' title='bbox 581 2151 647 2200; x_wconf 90' lang='lat' dir='ltr'>non</span> <span class='ocrx_word' id='word_1_150' title='bbox 670 2133 865 2217; x_wconf 89' lang='lat' dir='ltr'>deprompta</span> <span class='ocrx_word' id='word_1_151' title='bbox 889 2151 962 2201; x_wconf 87' lang='lat' dir='ltr'>esse</span> <span class='ocrx_word' id='word_1_152' title='bbox 986 2137 1125 2216; x_wconf 87' lang='lat' dir='ltr'>possunt</span> <span class='ocrx_word' id='word_1_153' title='bbox 1147 2133 1231 2199; x_wconf 84' lang='lat' dir='ltr'>haee</span> <span class='ocrx_word' id='word_1_154' title='bbox 1254 2133 1357 2200; x_wconf 89' lang='lat' dir='ltr'>verba</span> <span class='ocrx_word' id='word_1_155' title='bbox 1383 2133 1450 2214; x_wconf 88' lang='lat' dir='ltr'>„lu-</span> 
     </span>
     <span class='ocr_line' id='line_1_19' title="bbox 278 2239 1451 2325; baseline 0 -19"><span class='ocrx_word' id='word_1_156' title='bbox 278 2258 341 2322; x_wconf 93' lang='lat' dir='ltr'>pus</span> <span class='ocrx_word' id='word_1_157' title='bbox 363 2239 506 2306; x_wconf 85' lang='lat' dir='ltr'>femina“</span> <span class='ocrx_word' id='word_1_158' title='bbox 532 2257 550 2306; x_wconf 88' lang='lat' dir='ltr'>e</span> <span class='ocrx_word' id='word_1_159' title='bbox 573 2239 672 2306; x_wconf 83' lang='lat' dir='ltr'>Fabii</span> <span class='ocrx_word' id='word_1_160' title='bbox 694 2239 839 2307; x_wconf 84' lang='lat' dir='ltr'>Platoris</span> <span class='ocrx_word' id='word_1_161' title='bbox 863 2239 985 2307; x_wconf 83' lang='lat' dir='ltr'>Latine</span> <span class='ocrx_word' id='word_1_162' title='bbox 1015 2239 1149 2325; x_wconf 88' lang='lat' dir='ltr'>seriptis</span> <span class='ocrx_word' id='word_1_163' title='bbox 1177 2239 1259 2306; x_wconf 84' lang='lat' dir='ltr'>iuris</span> <span class='ocrx_word' id='word_1_164' title='bbox 1291 2239 1451 2322; x_wconf 84' lang='lat' dir='ltr'>pontificii</span> 
     </span>
     <span class='ocr_line' id='line_1_20' title="bbox 279 2345 1450 2430; baseline 0.002 -18"><span class='ocrx_word' id='word_1_165' title='bbox 279 2345 396 2413; x_wconf 78' lang='lat' dir='ltr'>libris?</span> <span class='ocrx_word' id='word_1_166' title='bbox 448 2345 603 2430; x_wconf 80' lang='lat' dir='ltr'>Suspicor</span> <span class='ocrx_word' id='word_1_167' title='bbox 633 2345 784 2413; x_wconf 63' lang='lat' dir='ltr'>Ennium*</span> <span class='ocrx_word' id='word_1_168' title='bbox 808 2349 843 2413; x_wconf 93' lang='lat' dir='ltr'>et</span> <span class='ocrx_word' id='word_1_169' title='bbox 874 2346 1014 2414; x_wconf 88' lang='lat' dir='ltr'>Fabium</span> <span class='ocrx_word' id='word_1_170' title='bbox 1045 2346 1112 2413; x_wconf 93' lang='lat' dir='ltr'>iam</span> <span class='ocrx_word' id='word_1_171' title='bbox 1142 2367 1163 2413; x_wconf 93' lang='lat' dir='ltr'>a</span> <span class='ocrx_word' id='word_1_172' title='bbox 1195 2347 1346 2418; x_wconf 88' lang='lat' dir='ltr'>Varrone</span> <span class='ocrx_word' id='word_1_173' title='bbox 1376 2366 1450 2414; x_wconf 88' lang='lat' dir='ltr'>esse</span> 
     </span>
     <span class='ocr_line' id='line_1_21' title="bbox 277 2451 1450 2537; baseline 0.001 -18"><span class='ocrx_word' id='word_1_174' title='bbox 277 2453 444 2536; x_wconf 78' lang='lat' dir='ltr'>laudatae,</span> <span class='ocrx_word' id='word_1_175' title='bbox 472 2471 567 2535; x_wconf 89' lang='lat' dir='ltr'>quem</span> <span class='ocrx_word' id='word_1_176' title='bbox 589 2451 690 2519; x_wconf 90' lang='lat' dir='ltr'>Fabii</span> <span class='ocrx_word' id='word_1_177' title='bbox 711 2453 857 2520; x_wconf 81' lang='lat' dir='ltr'>Pictoris</span> <span class='ocrx_word' id='word_1_178' title='bbox 880 2453 961 2521; x_wconf 86' lang='lat' dir='ltr'>iuris</span> <span class='ocrx_word' id='word_1_179' title='bbox 990 2453 1151 2537; x_wconf 78' lang='lat' dir='ltr'>pontificii</span> <span class='ocrx_word' id='word_1_180' title='bbox 1173 2454 1275 2522; x_wconf 87' lang='lat' dir='ltr'>libros</span> <span class='ocrx_word' id='word_1_181' title='bbox 1298 2455 1333 2521; x_wconf 86' lang='lat' dir='ltr'>In</span> <span class='ocrx_word' id='word_1_182' title='bbox 1356 2472 1450 2523; x_wconf 85' lang='lat' dir='ltr'>usum</span> 
     </span>
    </p>
   </div>
   <div class='ocr_carea' id='block_1_3' title="bbox 190 2559 1449 3075">
    <p class='ocr_par' dir='ltr' id='par_1_3' title="bbox 190 2559 1449 2948">
     <span class='ocr_line' id='line_1_22' title="bbox 190 2559 1449 2647; baseline 0.002 -20"><span class='ocrx_word' id='word_1_183' title='bbox 190 2559 192 2562; x_wconf 79' lang='grc'><strong>’</strong></span> <span class='ocrx_word' id='word_1_184' title='bbox 277 2578 372 2627; x_wconf 89' lang='lat' dir='ltr'>suum</span> <span class='ocrx_word' id='word_1_185' title='bbox 394 2561 539 2629; x_wconf 87' lang='lat' dir='ltr'>vertisse</span> <span class='ocrx_word' id='word_1_186' title='bbox 561 2562 711 2628; x_wconf 89' lang='lat' dir='ltr'>testatur</span> <span class='ocrx_word' id='word_1_187' title='bbox 726 2559 855 2628; x_wconf 87' lang='lat' dir='ltr'>Nonius</span> <span class='ocrx_word' id='word_1_188' title='bbox 877 2580 909 2645; x_wconf 89' lang='lat' dir='ltr'>p.</span> <span class='ocrx_word' id='word_1_189' title='bbox 928 2567 990 2626; x_wconf 85' lang='lat'>223</span> <span class='ocrx_word' id='word_1_190' title='bbox 1015 2560 1069 2643; x_wconf 86' lang='lat' dir='ltr'>(of.</span> <span class='ocrx_word' id='word_1_191' title='bbox 1086 2562 1160 2628; x_wconf 89' lang='lat' dir='ltr'>Jur.</span> <span class='ocrx_word' id='word_1_192' title='bbox 1184 2565 1276 2645; x_wconf 90' lang='lat' dir='ltr'>pont.</span> <span class='ocrx_word' id='word_1_193' title='bbox 1293 2561 1370 2628; x_wconf 73' lang='lat' dir='ltr'>fua</span> <span class='ocrx_word' id='word_1_194' title='bbox 1394 2563 1449 2647; x_wconf 89' lang='lat' dir='ltr'>P.)</span> 
     </span>
     <span class='ocr_line' id='line_1_23' title="bbox 277 2666 1447 2751; baseline 0.003 -18"><span class='ocrx_word' id='word_1_195' title='bbox 277 2666 422 2735; x_wconf 84' lang='lat' dir='ltr'>Auoedit</span> <span class='ocrx_word' id='word_1_196' title='bbox 445 2668 531 2751; x_wconf 89' lang='lat' dir='ltr'>quod</span> <span class='ocrx_word' id='word_1_197' title='bbox 553 2667 665 2750; x_wconf 91' lang='lat' dir='ltr'>lupam</span> <span class='ocrx_word' id='word_1_198' title='bbox 687 2666 792 2733; x_wconf 89' lang='lat' dir='ltr'>Marti</span> <span class='ocrx_word' id='word_1_199' title='bbox 815 2687 945 2735; x_wconf 80' lang='lat' dir='ltr'>sauram</span> <span class='ocrx_word' id='word_1_200' title='bbox 968 2667 1180 2735; x_wconf 83' lang='lat' dir='ltr'>sanctissima</span> <span class='ocrx_word' id='word_1_201' title='bbox 1203 2668 1359 2735; x_wconf 86' lang='lat' dir='ltr'>colebant</span> <span class='ocrx_word' id='word_1_202' title='bbox 1381 2669 1447 2736; x_wconf 89' lang='lat' dir='ltr'>Ro·</span> 
     </span>
     <span class='ocr_line' id='line_1_24' title="bbox 277 2773 1447 2857; baseline 0.001 -16"><span class='ocrx_word' id='word_1_203' title='bbox 277 2773 365 2841; x_wconf 91' lang='lat' dir='ltr'>mani</span> <span class='ocrx_word' id='word_1_204' title='bbox 387 2774 438 2841; x_wconf 82' lang='lat' dir='ltr'>Ita</span> <span class='ocrx_word' id='word_1_205' title='bbox 461 2773 556 2840; x_wconf 91' lang='lat' dir='ltr'>utin</span> <span class='ocrx_word' id='word_1_206' title='bbox 579 2774 673 2841; x_wconf 87' lang='lat' dir='ltr'>libris</span> <span class='ocrx_word' id='word_1_207' title='bbox 696 2773 777 2840; x_wconf 89' lang='lat' dir='ltr'>iuris</span> <span class='ocrx_word' id='word_1_208' title='bbox 800 2773 962 2857; x_wconf 85' lang='lat' dir='ltr'>pontifioii</span> <span class='ocrx_word' id='word_1_209' title='bbox 984 2775 1117 2857; x_wconf 85' lang='lat' dir='ltr'>saepius</span> <span class='ocrx_word' id='word_1_210' title='bbox 1139 2773 1229 2842; x_wconf 85' lang='lat' dir='ltr'>illius</span> <span class='ocrx_word' id='word_1_211' title='bbox 1248 2775 1447 2843; x_wconf 84' lang='lat' dir='ltr'>mentIonem</span> 
     </span>
     <span class='ocr_line' id='line_1_25' title="bbox 280 2879 797 2948; baseline -0.006 -2"><span class='ocrx_word' id='word_1_212' title='bbox 280 2879 402 2947; x_wconf 82' lang='lat' dir='ltr'>factam</span> <span class='ocrx_word' id='word_1_213' title='bbox 424 2880 529 2948; x_wconf 79' lang='lat' dir='ltr'>luisse</span> <span class='ocrx_word' id='word_1_214' title='bbox 552 2899 618 2948; x_wconf 91' lang='lat' dir='ltr'>non</span> <span class='ocrx_word' id='word_1_215' title='bbox 641 2880 797 2948; x_wconf 84' lang='lat' dir='ltr'>dubitem.</span> 
     </span>
    </p>

    <p class='ocr_par' dir='ltr' id='par_1_4' title="bbox 364 2987 1444 3075">
     <span class='ocr_line' id='line_1_26' title="bbox 364 2987 1444 3075; baseline -0.002 -19"><span class='ocrx_word' id='word_1_216' title='bbox 364 2989 429 3056; x_wconf 89' lang='lat' dir='ltr'>III.</span> <span class='ocrx_word' id='word_1_217' title='bbox 460 2987 514 3074; x_wconf 86' lang='lat' dir='ltr'>(fr.</span> <span class='ocrx_word' id='word_1_218' title='bbox 540 2995 560 3052; x_wconf 82' lang='lat'><strong>4</strong></span> <span class='ocrx_word' id='word_1_219' title='bbox 583 2987 637 3075; x_wconf 87' lang='grc' dir='ltr'>Ρ).</span> <span class='ocrx_word' id='word_1_220' title='bbox 691 2988 852 3057; x_wconf 80' lang='lat' dir='ltr'>Servius</span> <span class='ocrx_word' id='word_1_221' title='bbox 887 2990 935 3056; x_wconf 94' lang='lat' dir='ltr'>ad</span> <span class='ocrx_word' id='word_1_222' title='bbox 965 2990 1076 3073; x_wconf 84' lang='lat' dir='ltr'>Verg.</span> <span class='ocrx_word' id='word_1_223' title='bbox 1108 2988 1203 3057; x_wconf 89' lang='lat' dir='ltr'>Aen.</span> <span class='ocrx_word' id='word_1_224' title='bbox 1236 2989 1337 3074; x_wconf 83' lang='lat' dir='ltr'>VIII,</span> <span class='ocrx_word' id='word_1_225' title='bbox 1371 2995 1444 3055; x_wconf 88' lang='lat'><strong>630.</strong></span> 
     </span>
    </p>
   </div>
   <div class='ocr_carea' id='block_1_4' title="bbox 260 3094 1445 4576">
    <p class='ocr_par' dir='ltr' id='par_1_5' title="bbox 274 3094 1445 3286">
     <span class='ocr_line' id='line_1_27' title="bbox 274 3094 1445 3181; baseline 0.001 -20"><span class='ocrx_word' id='word_1_226' title='bbox 274 3095 435 3164; x_wconf 74' lang='lat' dir='ltr'>MavortIs</span> <span class='ocrx_word' id='word_1_227' title='bbox 465 3094 501 3161; x_wconf 90' lang='lat' dir='ltr'>in</span> <span class='ocrx_word' id='word_1_228' title='bbox 535 3101 647 3163; x_wconf 82' lang='lat' dir='ltr'>antro:</span> <span class='ocrx_word' id='word_1_229' title='bbox 688 3102 793 3178; x_wconf 80' lang='lat' dir='ltr'>potest</span> <span class='ocrx_word' id='word_1_230' title='bbox 825 3097 926 3180; x_wconf 57' lang='lat' dir='ltr'>arom</span> <span class='ocrx_word' id='word_1_231' title='bbox 960 3103 990 3162; x_wconf 88' lang='lat' dir='ltr'>et</span> <span class='ocrx_word' id='word_1_232' title='bbox 1024 3099 1143 3180; x_wconf 79' lang='lat' dir='ltr'>fecerat</span> <span class='ocrx_word' id='word_1_233' title='bbox 1172 3097 1281 3181; x_wconf 78' lang='lat' dir='ltr'>lupum</span> <span class='ocrx_word' id='word_1_234' title='bbox 1319 3097 1445 3162; x_wconf 86' lang='lat' dir='ltr'>Mauor-</span> 
     </span>
     <span class='ocr_line' id='line_1_28' title="bbox 274 3201 1315 3286; baseline 0.004 -20"><span class='ocrx_word' id='word_1_235' title='bbox 274 3202 315 3266; x_wconf 80' lang='lat' dir='ltr'>tis</span> <span class='ocrx_word' id='word_1_236' title='bbox 336 3207 365 3268; x_wconf 85' lang='lat' dir='ltr'>et</span> <span class='ocrx_word' id='word_1_237' title='bbox 386 3201 542 3268; x_wconf 81' lang='lat' dir='ltr'>Mauortis</span> <span class='ocrx_word' id='word_1_238' title='bbox 564 3203 599 3267; x_wconf 83' lang='lat' dir='ltr'>io</span> <span class='ocrx_word' id='word_1_239' title='bbox 621 3209 723 3270; x_wconf 78' lang='lat' dir='ltr'>aratro.</span> <span class='ocrx_word' id='word_1_240' title='bbox 762 3204 885 3269; x_wconf 82' lang='lat' dir='ltr'>Fabius</span> <span class='ocrx_word' id='word_1_241' title='bbox 907 3203 1056 3286; x_wconf 71' lang='lat' dir='ltr'>spelunea</span> <span class='ocrx_word' id='word_1_242' title='bbox 1079 3205 1202 3272; x_wconf 78' lang='lat' dir='ltr'>Mortis</span> <span class='ocrx_word' id='word_1_243' title='bbox 1225 3205 1315 3270; x_wconf 76' lang='lat' dir='ltr'>dioit.</span> 
     </span>
    </p>

    <p class='ocr_par' dir='ltr' id='par_1_6' title="bbox 264 3309 1443 3826">
     <span class='ocr_line' id='line_1_29' title="bbox 360 3309 1443 3397; baseline 0.003 -21"><span class='ocrx_word' id='word_1_244' title='bbox 360 3310 523 3376; x_wconf 83' lang='lat' dir='ltr'>Fntrema</span> <span class='ocrx_word' id='word_1_245' title='bbox 561 3311 665 3379; x_wconf 89' lang='lat' dir='ltr'>verba</span> <span class='ocrx_word' id='word_1_246' title='bbox 701 3311 779 3380; x_wconf 92' lang='lat' dir='ltr'>inde</span> <span class='ocrx_word' id='word_1_247' title='bbox 813 3330 834 3378; x_wconf 91' lang='lat' dir='ltr'>a</span> <span class='ocrx_word' id='word_1_248' title='bbox 873 3309 1037 3393; x_wconf 82' lang='lat' dir='ltr'>„Fabius“</span> <span class='ocrx_word' id='word_1_249' title='bbox 1075 3313 1118 3378; x_wconf 94' lang='lat' dir='ltr'>ab</span> <span class='ocrx_word' id='word_1_250' title='bbox 1153 3311 1443 3397; x_wconf 85' lang='lat' dir='ltr'>iuterpolatore</span> 
     </span>
     <span class='ocr_line' id='line_1_30' title="bbox 271 3416 1442 3503; baseline 0.002 -18"><span class='ocrx_word' id='word_1_251' title='bbox 271 3416 379 3485; x_wconf 84' lang='lat' dir='ltr'>Servii</span> <span class='ocrx_word' id='word_1_252' title='bbox 403 3421 481 3484; x_wconf 90' lang='lat' dir='ltr'>sunt</span> <span class='ocrx_word' id='word_1_253' title='bbox 506 3421 653 3486; x_wconf 89' lang='lat' dir='ltr'>servata.</span> <span class='ocrx_word' id='word_1_254' title='bbox 697 3418 772 3485; x_wconf 85' lang='lat' dir='ltr'>Hoc</span> <span class='ocrx_word' id='word_1_255' title='bbox 795 3436 922 3500; x_wconf 86' lang='lat' dir='ltr'>quoque</span> <span class='ocrx_word' id='word_1_256' title='bbox 945 3417 1122 3486; x_wconf 85' lang='lat' dir='ltr'>frustulum</span> <span class='ocrx_word' id='word_1_257' title='bbox 1144 3419 1237 3487; x_wconf 86' lang='lat' dir='ltr'>libris</span> <span class='ocrx_word' id='word_1_258' title='bbox 1263 3418 1442 3503; x_wconf 76' lang='lat' dir='ltr'>pontificiis</span> 
     </span>
     <span class='ocr_line' id='line_1_31' title="bbox 268 3524 1442 3611; baseline 0.005 -20"><span class='ocrx_word' id='word_1_259' title='bbox 268 3524 455 3591; x_wconf 87' lang='lat' dir='ltr'>attribuere</span> <span class='ocrx_word' id='word_1_260' title='bbox 479 3543 544 3590; x_wconf 94' lang='lat' dir='ltr'>non</span> <span class='ocrx_word' id='word_1_261' title='bbox 568 3525 692 3608; x_wconf 87' lang='lat' dir='ltr'>dubito,</span> <span class='ocrx_word' id='word_1_262' title='bbox 720 3525 918 3609; x_wconf 91' lang='lat' dir='ltr'>praesertim</span> <span class='ocrx_word' id='word_1_263' title='bbox 941 3544 1013 3593; x_wconf 86' lang='lat' dir='ltr'>oum</span> <span class='ocrx_word' id='word_1_264' title='bbox 1040 3526 1310 3611; x_wconf 90' lang='lat' dir='ltr'>interpolator</span> <span class='ocrx_word' id='word_1_265' title='bbox 1333 3526 1442 3597; x_wconf 87' lang='lat' dir='ltr'>Servii</span> 
     </span>
     <span class='ocr_line' id='line_1_32' title="bbox 266 3631 1441 3718; baseline 0.003 -19"><span class='ocrx_word' id='word_1_266' title='bbox 266 3637 339 3709; x_wconf 90' lang='lat' dir='ltr'>aut,</span> <span class='ocrx_word' id='word_1_267' title='bbox 364 3632 450 3714; x_wconf 89' lang='lat' dir='ltr'>quod</span> <span class='ocrx_word' id='word_1_268' title='bbox 472 3631 685 3700; x_wconf 86' lang='lat' dir='ltr'>verisimilius</span> <span class='ocrx_word' id='word_1_269' title='bbox 710 3638 772 3718; x_wconf 88' lang='lat' dir='ltr'>est,</span> <span class='ocrx_word' id='word_1_270' title='bbox 798 3638 915 3700; x_wconf 86' lang='lat' dir='ltr'>auctor</span> <span class='ocrx_word' id='word_1_271' title='bbox 938 3635 981 3700; x_wconf 94' lang='lat' dir='ltr'>ab</span> <span class='ocrx_word' id='word_1_272' title='bbox 998 3654 1036 3702; x_wconf 95' lang='lat' dir='ltr'>eo</span> <span class='ocrx_word' id='word_1_273' title='bbox 1053 3634 1220 3703; x_wconf 88' lang='lat' dir='ltr'>adhibitus</span> <span class='ocrx_word' id='word_1_274' title='bbox 1241 3633 1316 3703; x_wconf 91' lang='lat' dir='ltr'>illos</span> <span class='ocrx_word' id='word_1_275' title='bbox 1339 3635 1441 3703; x_wconf 87' lang='lat' dir='ltr'>libros</span> 
     </span>
     <span class='ocr_line' id='line_1_33' title="bbox 264 3737 1264 3826; baseline 0 -19"><span class='ocrx_word' id='word_1_276' title='bbox 264 3738 481 3822; x_wconf 87' lang='lat' dir='ltr'>usurpaverit</span> <span class='ocrx_word' id='word_1_277' title='bbox 504 3737 545 3805; x_wconf 84' lang='lat' dir='ltr'>of.</span> <span class='ocrx_word' id='word_1_278' title='bbox 570 3740 697 3822; x_wconf 89' lang='lat' dir='ltr'>Interp.</span> <span class='ocrx_word' id='word_1_279' title='bbox 723 3739 815 3808; x_wconf 83' lang='lat' dir='ltr'>Serv.</span> <span class='ocrx_word' id='word_1_280' title='bbox 841 3740 884 3806; x_wconf 93' lang='lat' dir='ltr'>ad</span> <span class='ocrx_word' id='word_1_281' title='bbox 908 3737 1028 3826; x_wconf 82' lang='lat' dir='ltr'>Georg.</span> <span class='ocrx_word' id='word_1_282' title='bbox 1052 3742 1071 3809; x_wconf 96' lang='lat' dir='ltr'>I</span> <span class='ocrx_word' id='word_1_283' title='bbox 1096 3747 1147 3824; x_wconf 82' lang='lat'>21,</span> <span class='ocrx_word' id='word_1_284' title='bbox 1171 3740 1209 3806; x_wconf 76' lang='lat' dir='ltr'>dr.</span> <span class='ocrx_word' id='word_1_285' title='bbox 1235 3747 1264 3808; x_wconf 87' lang='grc'>3.</span> 
     </span>
    </p>

    <p class='ocr_par' dir='ltr' id='par_1_7' title="bbox 260 3843 1440 4036">
     <span class='ocr_line' id='line_1_34' title="bbox 355 3843 1440 3933; baseline -0.001 -17"><span class='ocrx_word' id='word_1_286' title='bbox 355 3845 418 3916; x_wconf 84' lang='lat' dir='ltr'>Iv.</span> <span class='ocrx_word' id='word_1_287' title='bbox 443 3843 498 3930; x_wconf 85' lang='lat' dir='ltr'>(ir.</span> <span class='ocrx_word' id='word_1_288' title='bbox 525 3853 542 3908; x_wconf 85' lang='lat'>5</span> <span class='ocrx_word' id='word_1_289' title='bbox 567 3845 621 3933; x_wconf 86' lang='lat' dir='ltr'>P).</span> <span class='ocrx_word' id='word_1_290' title='bbox 669 3845 746 3914; x_wconf 84' lang='lat' dir='ltr'>Oia.</span> <span class='ocrx_word' id='word_1_291' title='bbox 771 3847 816 3914; x_wconf 93' lang='lat' dir='ltr'>de</span> <span class='ocrx_word' id='word_1_292' title='bbox 840 3845 1033 3932; x_wconf 73' lang='lat' dir='ltr'>diurno,</span> <span class='ocrx_word' id='word_1_293' title='bbox 1061 3854 1111 3912; x_wconf 78' lang='lat'>54.</span> <span class='ocrx_word' id='word_1_294' title='bbox 1163 3847 1278 3914; x_wconf 74' lang='lat' dir='ltr'>Omnes</span> <span class='ocrx_word' id='word_1_295' title='bbox 1300 3849 1440 3915; x_wconf 60' lang='lat' dir='ltr'>boatu</span> 
     </span>
     <span class='ocr_line' id='line_1_35' title="bbox 260 3951 1437 4036; baseline 0.005 -18"><span class='ocrx_word' id='word_1_296' title='bbox 260 3952 348 4028; x_wconf 77' lang='lat' dir='ltr'>torti,</span> <span class='ocrx_word' id='word_1_297' title='bbox 373 3951 478 4031; x_wconf 70' lang='lat' dir='ltr'>aaut,</span> <span class='ocrx_word' id='word_1_298' title='bbox 499 3951 603 4033; x_wconf 78' lang='lat' dir='ltr'>Gellii,</span> <span class='ocrx_word' id='word_1_299' title='bbox 626 3953 684 4018; x_wconf 84' lang='lat' dir='ltr'>sed</span> <span class='ocrx_word' id='word_1_300' title='bbox 699 3955 843 4036; x_wconf 71' lang='lat' dir='ltr'>proauitae</span> <span class='ocrx_word' id='word_1_301' title='bbox 864 3954 995 4022; x_wconf 78' lang='lat' dir='ltr'>Coelius.</span> <span class='ocrx_word' id='word_1_302' title='bbox 1048 3953 1125 4020; x_wconf 74' lang='lat' dir='ltr'>dom</span> <span class='ocrx_word' id='word_1_303' title='bbox 1148 3954 1223 4021; x_wconf 84' lang='lat' dir='ltr'>bello</span> <span class='ocrx_word' id='word_1_304' title='bbox 1245 3956 1362 4023; x_wconf 78' lang='lat' dir='ltr'>Luttao</span> <span class='ocrx_word' id='word_1_305' title='bbox 1384 3967 1437 4024; x_wconf 84' lang='lat' dir='ltr'>eto.</span> 
     </span>
    </p>

    <p class='ocr_par' dir='ltr' id='par_1_8' title="bbox 260 4057 1438 4576">
     <span class='ocr_line' id='line_1_36' title="bbox 356 4057 1438 4146; baseline 0.005 -20"><span class='ocrx_word' id='word_1_306' title='bbox 356 4057 513 4140; x_wconf 86' lang='lat' dir='ltr'>Sequitur</span> <span class='ocrx_word' id='word_1_307' title='bbox 545 4059 664 4127; x_wconf 88' lang='lat' dir='ltr'>somnii</span> <span class='ocrx_word' id='word_1_308' title='bbox 696 4062 856 4129; x_wconf 89' lang='lat' dir='ltr'>narratio.</span> <span class='ocrx_word' id='word_1_309' title='bbox 911 4062 1016 4129; x_wconf 93' lang='lat' dir='ltr'>Paulo</span> <span class='ocrx_word' id='word_1_310' title='bbox 1051 4065 1132 4127; x_wconf 88' lang='lat' dir='ltr'>ante</span> <span class='ocrx_word' id='word_1_311' title='bbox 1165 4063 1186 4128; x_wconf 93' lang='lat' dir='ltr'>I</span> <span class='ocrx_word' id='word_1_312' title='bbox 1217 4069 1274 4146; x_wconf 88' lang='lat'>21,</span> <span class='ocrx_word' id='word_1_313' title='bbox 1309 4069 1350 4127; x_wconf 84' lang='grc'>45</span> <span class='ocrx_word' id='word_1_314' title='bbox 1383 4063 1438 4131; x_wconf 92' lang='lat' dir='ltr'>ubi</span> 
     </span>
     <span class='ocr_line' id='line_1_37' title="bbox 261 4165 1437 4238; baseline 0.003 -4"><span class='ocrx_word' id='word_1_315' title='bbox 261 4165 403 4234; x_wconf 88' lang='lat' dir='ltr'>Aeneae</span> <span class='ocrx_word' id='word_1_316' title='bbox 431 4172 632 4235; x_wconf 87' lang='lat' dir='ltr'>narraverat</span> <span class='ocrx_word' id='word_1_317' title='bbox 661 4168 821 4234; x_wconf 91' lang='lat' dir='ltr'>somnium</span> <span class='ocrx_word' id='word_1_318' title='bbox 844 4169 943 4236; x_wconf 75' lang='lat' dir='ltr'>olaus</span> <span class='ocrx_word' id='word_1_319' title='bbox 967 4167 1076 4237; x_wconf 89' lang='lat' dir='ltr'>verbis</span> <span class='ocrx_word' id='word_1_320' title='bbox 1099 4169 1298 4238; x_wconf 87' lang='lat' dir='ltr'>laudaverat</span> <span class='ocrx_word' id='word_1_321' title='bbox 1321 4169 1437 4238; x_wconf 84' lang='lat' dir='ltr'>Oieero</span> 
     </span>
     <span class='ocr_line' id='line_1_38' title="bbox 260 4271 1437 4358; baseline 0.004 -18"><span class='ocrx_word' id='word_1_322' title='bbox 260 4271 366 4340; x_wconf 86' lang='lat' dir='ltr'>Fabii</span> <span class='ocrx_word' id='word_1_323' title='bbox 376 4271 522 4341; x_wconf 86' lang='lat' dir='ltr'>Pictoris</span> <span class='ocrx_word' id='word_1_324' title='bbox 535 4271 684 4341; x_wconf 76' lang='lat' dir='ltr'>Graecos</span> <span class='ocrx_word' id='word_1_325' title='bbox 697 4276 845 4342; x_wconf 87' lang='lat' dir='ltr'>annales.</span> <span class='ocrx_word' id='word_1_326' title='bbox 869 4277 991 4358; x_wconf 88' lang='lat' dir='ltr'>Itaque</span> <span class='ocrx_word' id='word_1_327' title='bbox 1002 4275 1214 4344; x_wconf 76' lang='lat' dir='ltr'>manifestum</span> <span class='ocrx_word' id='word_1_328' title='bbox 1226 4277 1294 4345; x_wconf 88' lang='lat' dir='ltr'>fere</span> <span class='ocrx_word' id='word_1_329' title='bbox 1310 4281 1364 4344; x_wconf 87' lang='lat' dir='ltr'>est</span> <span class='ocrx_word' id='word_1_330' title='bbox 1375 4279 1437 4345; x_wconf 87' lang='lat' dir='ltr'>hoo</span> 
     </span>
     <span class='ocr_line' id='line_1_39' title="bbox 262 4379 1435 4470; baseline 0.006 -25"><span class='ocrx_word' id='word_1_331' title='bbox 262 4398 393 4462; x_wconf 84' lang='lat' dir='ltr'>quoque</span> <span class='ocrx_word' id='word_1_332' title='bbox 417 4379 457 4446; x_wconf 88' lang='lat' dir='ltr'>de</span> <span class='ocrx_word' id='word_1_333' title='bbox 481 4397 544 4464; x_wconf 90' lang='lat' dir='ltr'>quo</span> <span class='ocrx_word' id='word_1_334' title='bbox 568 4381 696 4467; x_wconf 82' lang='lat' dir='ltr'>agimus</span> <span class='ocrx_word' id='word_1_335' title='bbox 719 4382 791 4448; x_wconf 81' lang='lat' dir='ltr'>loeo</span> <span class='ocrx_word' id='word_1_336' title='bbox 814 4381 951 4449; x_wconf 92' lang='lat' dir='ltr'>eundem</span> <span class='ocrx_word' id='word_1_337' title='bbox 974 4382 1115 4451; x_wconf 91' lang='lat' dir='ltr'>Fabium</span> <span class='ocrx_word' id='word_1_338' title='bbox 1146 4403 1219 4452; x_wconf 88' lang='lat' dir='ltr'>esse</span> <span class='ocrx_word' id='word_1_339' title='bbox 1247 4383 1435 4470; x_wconf 83' lang='lat' dir='ltr'>intelligen-</span> 
     </span>
     <span class='ocr_line' id='line_1_40' title="bbox 263 4487 1436 4576; baseline 0.006 -21"><span class='ocrx_word' id='word_1_340' title='bbox 263 4487 351 4555; x_wconf 91' lang='lat' dir='ltr'>dum.</span> <span class='ocrx_word' id='word_1_341' title='bbox 405 4487 493 4557; x_wconf 88' lang='lat' dir='ltr'>Nam</span> <span class='ocrx_word' id='word_1_342' title='bbox 523 4487 559 4556; x_wconf 91' lang='lat' dir='ltr'>ni</span> <span class='ocrx_word' id='word_1_343' title='bbox 588 4488 640 4556; x_wconf 93' lang='lat' dir='ltr'>ita</span> <span class='ocrx_word' id='word_1_344' title='bbox 670 4494 776 4574; x_wconf 86' lang='lat' dir='ltr'>esset,</span> <span class='ocrx_word' id='word_1_345' title='bbox 808 4489 924 4558; x_wconf 79' lang='lat' dir='ltr'>Oioero</span> <span class='ocrx_word' id='word_1_346' title='bbox 959 4489 1040 4562; x_wconf 89' lang='lat' dir='ltr'>duos</span> <span class='ocrx_word' id='word_1_347' title='bbox 1071 4496 1234 4570; x_wconf 80' lang='lat' dir='ltr'>auctores,</span> <span class='ocrx_word' id='word_1_348' title='bbox 1264 4492 1321 4576; x_wconf 86' lang='lat' dir='ltr'>qui</span> <span class='ocrx_word' id='word_1_349' title='bbox 1349 4491 1436 4562; x_wconf 89' lang='lat' dir='ltr'>iden</span> 
     </span>
    </p>
   </div>
   <div class='ocr_carea' id='block_1_5' title="bbox 0 0 1710 5052">
    <p class='ocr_par' dir='ltr' id='par_1_9' title="bbox 0 0 1710 5052">
     <span class='ocr_line' id='line_1_41' title="bbox 0 0 1710 5052; baseline 0 6"><span class='ocrx_word' id='word_1_350' title='bbox 0 0 1710 5052; x_wconf 95' lang='lat' dir='ltr'> </span> 
     </span>
    </p>
   </div>
  </div>
 </body>
</html>
