3366 5052
749 300 969 360 ..64-

275 470 316 538 de
339 470 448 540 Servii
469 470 638 539 institutis
661 469 840 556 diligenter
862 472 1052 556 exposuisse
1075 473 1207 542 videtur
1231 473 1288 560 (61.
1300 474 1381 542 Fab.
1394 473 1437 542 fr.

276 584 383 643 9-10
405 578 471 663 P.).
516 578 638 661 Itaque
661 576 695 643 in
719 576 815 646 dubio
839 597 908 646 rem
929 578 1163 662 relinquamus.
1207 579 1444 650 1161616111-

273 685 341 754 lam
375 683 505 768 quidem
539 684 805 769 chronologicam
841 704 955 772 rogum
988 687 1211 756 Romanorum
1250 707 1268 756 e
1303 688 1444 757 Castore

273 791 451 861 transtulit
474 791 649 860 Diodorus.
698 791 799 860 Cuius
822 792 992 862 sententia
1016 793 1203 880 (Ε1661).Ι,
1229 801 1303 880 291,
1321 794 1446 883 8-14)

272 914 387 985 regum
416 898 641 970 Romanorum
672 897 852 966 dominatio
884 898 1027 969 durabat
1056 920 1116 984 per
1150 920 1253 970 annos
1285 902 1447 971 duoentos

273 1010 310 1074 et
333 1004 558 1092 qnadraginta
584 1004 637 1088 (oi.
654 1004 785 1074 Gelzer.
803 1005 837 1074 S.
853 1005 883 1073 I.
900 1004 943 1073 A.
960 1008 1000 1075 H
1020 1028 1051 1091 p.
1069 1008 1135 1094 86),
1160 1027 1232 1076 oum
1251 1010 1309 1077 ille
1330 1027 1447 1095 regum

273 1117 423 1198 tempora
454 1109 645 1197 probaverit
676 1130 833 1180 annorum
866 1118 930 1177 244
958 1113 1013 1200 (61.
1041 1113 1196 1204 ibidem).
1250 1117 1346 1184 Inter
1376 1116 1447 1184 alia

272 1220 461 1308 fragmenta
477 1223 575 1287 extat
598 1217 723 1287 nullum
737 1219 773 1287 in
788 1238 851 1303 quo
866 1219 1097 1306 ohronologioa
1120 1226 1284 1307 appareat
1307 1223 1445 1308 species.

360 1326 580 1414 Disputatnri
602 1325 643 1394 de
666 1325 806 1412 singulis
829 1325 1027 1412 fragmentis
1051 1327 1303 1397 exordiamnra

679 1458 707 1518 1.
731 1451 789 1519 lib.
812 1453 904 1524 VH]
926 1451 965 1518 fr.
991 1457 1043 1517 31.

361 1563 433 1650 Quo
463 1561 652 1646 fragmento
683 1557 856 1641 Tarquinii
891 1557 1055 1628 adventus
1088 1562 1246 1650 narrator
1286 1560 1446 1645 simulque

272 1668 471 1739 describitm
493 1666 651 1752 quomodo
674 1666 804 1736 advena
825 1665 884 1732 ille
906 1664 997 1750 regis
1024 1664 1170 1750 gratiam
1200 1663 1264 1734 sibi
1293 1667 1446 1735 66161116-

271 1777 369 1847 verit.
420 1775 495 1861 Qua
521 1774 615 1842 inre
638 1771 824 1842 enarranda
851 1771 967 1840 mirum
990 1791 1064 1840 esse
1094 1791 1286 1842 consensum
1308 1773 1447 1842 Diodori

272 1889 308 1952 et
330 1882 468 1969 Polybii
486 1883 547 1963 VI,
565 1888 595 1967 2,
614 1883 666 1967 10,
689 1879 812 1965 primus
834 1878 870 1945 ni
892 1877 992 1946 fallor
1005 1879 1191 1947 rectissime
1207 1880 1446 1950 animadvertit

272 1991 446 2061 Oollmann
461 1991 483 2058 l.
500 1991 523 2057 l.
547 1997 584 2076 p.‘
598 1995 648 2055 52.
683 1987 779 2074 Quod
801 1985 923 2070 optimo
939 1984 1037 2055 dooet
1059 1987 1203 2054 locorum
1225 1988 1442 2072 eomparatio.

438 2168 498 2224 Pol.
517 2166 567 2235 VI,
589 2170 604 2221 2
623 2166 667 2222 10.
1126 2161 1206 2218 Diod.

307 2257 349 2311 ὅτι
363 2258 473 2312 Λεύκιος
491 2255 507 2307 ὁ
526 2253 694 2326 Δημαράτου
712 2253 762 2304 τοῦ
775 2253 830 2303 Κο-
938 2251 979 2303 ὅτι
1015 2251 1124 2306 Λεύκιος
1169 2252 1321 2323 Ταρκυίνιος
1345 2251 1438 2305 ὁτῶν

270 2347 380 2421 ρινθίου
402 2345 458 2401 υίὸς
476 2347 512 2400 είς
528 2343 631 2411 Ῥώμην
649 2340 752 2414 ὥρμησε
765 2358 829 2420 κτα.
883 2340 1018 2409 Ἡομαίιον
1035 2337 1157 2408 βασιλεὺς
1181 2336 1326 2398 οπονδαίας
1351 2342 1448 2408 ἔτυχεν

271 2475 278 2489 .
298 2476 304 2488 .
325 2475 331 2488 .
351 2475 357 2487 .
374 2433 591 2508 παραγενόμενος
600 2427 623 2483 δ’
626 2433 661 2486 εἰς
669 2429 830 2497 τὴνῬώμην
883 2429 994 2499 ἀγωγῆς,
1022 2433 1066 2480 καὶ
1083 2427 1228 2498 γενόμενος
1250 2428 1367 2498 ζηλωτὴς
1384 2449 1447 2484 παι-

271 2529 316 2577 καὶ
324 2523 413 2590 τνχιὺν
422 2524 468 2591 τῆς
476 2520 620 2579 πολιτείας.
633 2519 736 2576 εὐθέως
749 2518 829 2591 ἡρμό-
884 2515 1110 2590 δείαςούμετρίεις
1119 2513 1145 2568 δι
1151 2515 1258 2591 ἀ’ρετῆν
1263 2518 1446 2588 ἐθαυμάζετο.

271 2631 338 2665 οατο
361 2611 428 2686 πρὸς
449 2611 501 2680 τὴν
525 2613 574 2665 τοῦ
598 2607 727 2679 βασιλέως
753 2607 828 2681 cloto-
882 2605 1033 2681 ἅνδρωθεὶς
1047 2606 1099 2679 γάρ
1114 2607 1267 2674 συνεστάθη
1284 2608 1325 2672 τῷ
1341 2607 1450 2677 βασιλεῖ

271 2722 362 2754 κειαν.
381 2700 448 2767 ταχι)
465 2698 495 2754 δὲ
512 2706 556 2754 καί
574 2698 618 2754 διαὶ
636 2699 687 2768 τὴν
703 2701 829 2770 χορηγίαν
882 2699 940 2750 τῶν
970 2697 1106 2764 Ῥωμαίων
1136 2695 1223 2765 Ἄγκῳ
1257 2697 1371 2768 Μαρκίῳ
1401 2703 1447 2750 καί

271 2796 315 2843 καί
334 2788 377 2842 διαὶ
395 2789 447 2858 τήν
464 2792 510 2857 τῆς
528 2790 627 2861 φύσεως
645 2785 829 2852 ἐπιδεξιότητα
882 2784 957 2856 φίλος
992 2784 1076 2837 αὐτοῦ
1106 2787 1228 2854 μέγιστος
1258 2786 1366 2855 ἐγένετο
1400 2792 1446 2839 καὶ

271 2885 315 2932 καί
324 2877 440 2948 μοίίιοτα
449 2876 553 2945 διοὶτὴν
562 2875 704 2931 ἐκπαίδων
713 2874 829 2945 ἀγωγὴν,
882 2873 970 2926 πολλοὶ
989 2872 1059 2926 κατοὶ
1077 2871 1128 2940 τὴν
1142 2872 1280 2942 βασιλείαν
1292 2872 1445 2942 οννεδιῴ·

271 2968 389 3042 ἁρμόσας
406 2970 446 3032 τῷ
463 2969 621 3041 προεστῶτι,
639 2963 753 3036 μεγάλης
762 2963 828 3016 ἄπο·
883 2983 931 3014 κει
943 2963 983 3026 τῷ
994 2958 1106 3030 βασιλεῖ,
1118 2967 1162 3014 καὶ
1174 2961 1392 3033 μεγαλόπίοντος
1404 2965 1447 3017 ὢν

271 3055 347 3125 δοχῆς
370 3059 446 3123 ἔτυχε
464 3062 508 3108 καί
534 3061 646 3111 πίστεως
672 3055 747 3120 ἔτυχε
774 3055 829 3125 παρ
883 3048 992 3107 notiore
1004 3052 1062 3103 τῶν
1073 3050 1185 3124 ἀπόρων
1197 3052 1311 3120 ἐβοήθει
1319 3055 1445 3127 χρήματα

271 3147 353 3212 αὐτῷ.
375 3147 473 3219 χρονοῦ
492 3143 522 3199 δὲ
539 3145 682 3219 προιόντος
700 3145 736 3198 εἰς
753 3139 829 3193 τοῦτ’
884 3136 971 3196 διδοῦς
998 3145 1042 3192 καὶ
1068 3141 1133 3193 πᾶσι
1154 3140 1303 3216 προςφιίῶς
1339 3140 1444 3211 ὁμιλῶν

270 3231 830 3309 ἦίθεπαραδοχῆςῶοτεοννδιοικεινκαί
884 3227 1023 3297 ἄμεμπτος
1041 3229 1081 3284 ὢν
1099 3234 1143 3282 καί
1161 3228 1268 3291 ἔνδοξος
1286 3232 1330 3283 ἐπὶ
1348 3233 1380 3283 τ’
1402 3251 1444 3284 σο-

270 3327 438 3399 οογχειρίζειν
456 3324 496 3388 τῷ
514 3323 629 3395 Μαρκίῳ
646 3321 681 3374 τοὶ
701 3320 772 3374 κατὰ
779 3320 831 3388 τὴν
884 3317 977 3390 mlo-⁷⁰)

270 3412 415 3484 βαοιίείαν.
445 3414 476 3466 ὲν
502 3408 532 3463 δὲ
556 3412 661 3466 τούτοις
689 3409 832 3481 ἐπᾶγαδῷ

269 3505 334 3556 πᾶσι
346 3503 489 3573 γενόμενος
507 3505 552 3552 καί
565 3499 701 3572 συνεργῶν
715 3504 759 3551 καί
772 3519 830 3569 orry·

270 3592 476 3656 κατασκευάζων
505 3602 562 3645 τοῖς
585 3585 721 3656 δεομένοις
745 3587 786 3640 ἀεὶ
804 3607 831 3639 τι

270 3683 329 3735 τῶν
355 3684 501 3754 γρηοίμων,
527 3678 584 3748 ἅμα
602 3675 632 3730 δὲ
659 3681 703 3730 καί
721 3679 755 3743 τῇ
780 3678 829 3730 τοτ’

270 3775 333 3840 βίον
359 3774 468 3842 χορηγία
501 3765 691 3839 μεγαλοιμίχωε
727 3769 763 3822 εἰς
798 3765 832 3818 τὸ

271 3857 334 3913 δέον
352 3859 479 3910 ἑκάστοτε
493 3862 537 3909 καί
546 3856 596 3909 οὖν
605 3856 689 3929 καιρῷ
697 3855 830 3927 χρώμενος

270 3951 301 4002 ἐν
318 3945 427 4003 ποίίοϊς
444 3948 496 4015 μὲν
513 3944 664 3997 ἀπετίθετο
681 3943 772 4015 χάριν,
800 3942 831 3994 ἐν

270 4040 334 4092 πᾶσι
353 4034 376 4090 δ’
378 4035 487 4089 εὔνοιαν
502 4034 672 4106 ἐνειργάσατο
693 4035 737 4084 καί
757 4030 830 4101 φήμη

271 4129 315 4181 ἐπὶ
339 4121 518 4194 καλοκαγαθία
547 4128 591 4176 καί
620 4123 667 4190 τῆς
696 4118 830 4190 βασιλείας

271 4217 372 4282 ἔτυχεν.

363 4393 397 4467 ⁷⁰)
416 4409 431 4450 6
448 4390 564 4462 Polybio
588 4390 703 4448 eandem
725 4406 784 4447 rem
804 4393 901 4446 161161
918 4387 1016 4444 cicero
1035 4386 1060 4444 <L
1080 4402 1102 4442 r.
1120 4404 1147 4457 p.
1166 4387 1202 4443 11.
1222 4385 1265 4453 20,
1284 4388 1319 4442 35
1350 4427 1384 4444 ..
1404 4430 1411 4444 .
1433 4429 1440 4446 ,

273 4483 373 4553 „fooile
391 4482 420 4539 in
441 4481 584 4539 civitatem
602 4482 733 4550 reooptns
751 4482 835 4546 osset
853 4481 967 4546 propter
978 4475 1178 4532 humanitatem
1191 4480 1274 4544 atque
1287 4475 1442 4533 dootrinam

272 4572 350 4631 Anoo
368 4571 431 4644 regi
448 4569 594 4629 familiaris
617 4566 773 4636 astismos,
792 4579 878 4634 mque
891 4580 923 4621 εο
937 4569 969 4620 ut
980 4563 1157 4622 consiliorum
1170 4563 1289 4622 omnium
1301 4563 1442 4635 putioops
