3410 5052
732 348 950 405 ..35-

258 521 497 590 mentationem
526 519 713 586 rectissime
747 519 813 586 iam
844 519 1015 604 redarguit
1046 519 1165 588 Soltau
1195 520 1216 586 l.
1237 520 1259 586 1.
1294 541 1325 603 p.
1352 526 1425 585 171.

257 631 345 696 Nam
369 628 459 695 siin
483 626 623 695 Graecis
647 627 821 693 annalibus
844 627 977 694 eaedem
998 646 1051 693 res
1069 628 1311 695 enarrabantur
1326 630 1429 708 atque

254 736 289 803 111
308 734 460 812 Latinis,
483 753 547 801 nou
568 733 727 816 videmus,
751 752 809 801 1111
825 733 941 802 Cicero
964 733 1130 801 addiderit
1155 734 1214 811 „iu
1237 733 1426 803 Graecis“

258 842 450 910 annalibus.

354 948 478 1034 Quibus
502 948 611 1016 causis
635 947 772 1016 adducti
794 947 890 1013 multi
912 947 977 1015 viri
1000 947 1089 1014 docti
1112 949 1155 1014 ad
1178 948 1279 1016 aliam
1301 949 1428 1035 refuge-

258 1058 340 1124 runt
370 1055 570 1124 senteutiam
600 1061 639 1125 ut
667 1055 792 1123 certius
823 1053 996 1122 definirent
1023 1055 1186 1123 rationem
1214 1075 1299 1138 quae
1326 1057 1427 1124 inter·

261 1162 394 1229 cederet
419 1162 508 1230 inter
531 1163 679 1231 Graecos
708 1165 743 1228 et
765 1161 906 1228 Latinos
933 1161 1049 1245 libros;
1080 1182 1120 1229 ac
1148 1163 1296 1246 plerique
1324 1164 1428 1232 adsti-

261 1269 416 1352 pulantur
452 1288 538 1337 nuuc
575 1269 713 1352 Petere,
757 1269 813 1351 qui
855 1269 935 1336 duos
973 1267 1095 1336 Fabios
1132 1269 1285 1337 Pictores
1327 1291 1428 1339 anua·

260 1375 340 1442 lium
366 1375 545 1459 scriptores
568 1376 658 1444 iuter
680 1395 717 1443 se
740 1375 989 1461 distinguendos
1021 1395 1095 1444 esse
1117 1382 1226 1461 putat,
1249 1377 1427 1460 Pictorem,

261 1482 316 1563 qui
339 1481 466 1550 Graece
490 1483 638 1551 condidit
662 1482 835 1562 historias,
864 1488 899 1549 et
922 1483 1065 1550 alterum
1088 1485 1227 1552 Fabium
1249 1485 1428 1562 Pictorem,

262 1590 317 1672 qui
348 1589 487 1660 Catonis
518 1590 590 1658 fere
619 1595 736 1660 aetate
759 1589 896 1675 gentilis
919 1590 971 1656 sui
998 1609 1078 1673 opus
1109 1597 1168 1658 aut
1197 1592 1339 1660 uerterit
1369 1597 1429 1661 aut

260 1699 500 1767 retractaverit
522 1702 557 1765 et
580 1698 676 1780 quasi
698 1698 734 1764 111
748 1717 843 1765 usum
859 1716 938 1764 suae
959 1698 1087 1765 aetatis
1109 1699 1213 1766 denuo
1230 1697 1426 1782 ediderit44).

258 1805 352 1891 Quae
392 1805 501 1888 opinio
545 1803 745 1872 testimoniis
784 1807 934 1873 veterum
976 1810 1148 1871 auctorum
1186 1806 1316 1874 minime
1354 1827 1428 1874 con-

256 1911 465 1991 firmatura.
1439 1995 1441 2000 ,

347 2019 385 2087 si
409 2018 556 2100 antiquis
580 2017 781 2102 temporibus
811 2018 883 2085 uoti
914 2023 1011 2085 erant
1039 2018 1101 2085 duo
1124 2019 1213 2086 inter
1240 2040 1277 2088 se
1307 2021 1430 2090 diversi

257 2125 359 2193 Fabii
381 2125 536 2192 Pictores
558 2125 723 2206 historici,
754 2143 888 2207 quorum
912 2126 1000 2193 alter
1023 2124 1166 2209 Graece,
1196 2126 1284 2194 alter
1305 2128 1429 2196 Latine

259 2231 412 2315 scripsit,
451 2250 557 2299 nonne
596 2231 713 2300 mirum
748 2234 801 2298 est
834 2251 876 2298 ue
913 2251 1025 2300 unum
1064 2233 1194 2315 quidem
1231 2239 1429 2302 auctorem

260 2338 384 2405 claris
414 2338 547 2406 verbis
575 2337 683 2404 iuter
711 2355 751 2404 se
780 2337 1021 2406 discrevisse
1050 2338 1196 2408 Graeci
1223 2346 1263 2408 et
1290 2341 1430 2409 Latini

261 2445 393 2529 operis
418 2449 613 2528 auctores,
638 2463 834 2528 quamquam
857 2447 1067 2514 metuendum
1083 2452 1167 2532 erat,
1191 2467 1233 2515 ne
1254 2449 1428 2516 confunde-

259 2555 379 2620 rentur
401 2551 465 2618 duo
487 2549 658 2619 Pictores?

348 2659 402 2724 De
429 2658 534 2726 Fabio
557 2657 692 2726 Pictore
723 2660 919 2727 Latinorum
946 2660 1114 2728 annalium
1141 2661 1302 2745 scriptore
1333 2683 1429 2748 argu-

260 2767 349 2832 11111
373 2765 547 2834 enucleare
575 2765 640 2832 sibi
670 2765 735 2834 risi
765 2771 842 2833 sunt
868 2766 933 2834 viri
965 2766 1064 2834 docti.
1111 2768 1196 2836 Sunt
1223 2770 1318 2853 euim,
1343 2789 1372 2836 e.
1396 2790 1427 2855 g.

262 2873 364 2938 Peter
385 2874 430 2940 H.
456 2873 497 2938 R.
522 2874 565 2939 R.
588 2893 619 2956 p.
645 2871 900 2957 CLXXVIHI,
933 2874 988 2956 qui
1015 2874 1116 2942 Nouii
1143 2893 1169 2940 s.
1198 2895 1229 2942 u.
1260 2877 1430 2959 picumnus

265 3000 296 3063 p.
316 2987 387 3059 518,
410 2980 571 3049 leuissimi
595 2982 741 3048 auctoris
757 2981 827 3048 nixi
842 2981 1042 3064 testimonio,
1067 2984 1276 3066 suspicentur
1290 2987 1431 3054 Fabium

263 3085 440 3171 Pictorem,
469 3087 525 3169 qui
552 3086 632 3154 iuris
656 3088 817 3170 pontificii
841 3089 1059 3172 composuerit
1085 3090 1187 3158 libros
1212 3092 1266 3174 (cf.
1283 3094 1359 3160 Pet.
1383 3093 1428 3159 H.

263 3194 360 3260 1111.
381 3213 411 3276 p.
431 3194 620 3279 111—113)
643 3194 784 3262 Latinos
809 3214 935 3277 quoque
959 3195 1145 3264 condidisse
1169 3199 1314 3267 annales.
1358 3199 1430 3267 Alii

264 3299 399 3368 Servio
415 3300 545 3367 cuidam
561 3301 666 3368 Fabio
682 3299 866 3384 Pictori,⁴⁰)
883 3321 978 3383 quern
993 3301 1110 3370 laudat
1124 3305 1193 3372 Oic.
1206 3307 1291 3372 Brut
1304 3312 1355 3389 21,
1377 3313 1428 3373 81.

265 3412 300 3473 et
328 3407 428 3474 libros
456 3406 618 3490 pontificii
644 3406 725 3475 iuris
754 3412 789 3474 et
816 3408 961 3476 Latinas
988 3410 1147 3480 historias
1171 3412 1351 3496 vindicant,
1387 3412 1428 3479 01.

353 3599 390 3672 ⁴⁴)
410 3600 445 3656 cf.
463 3600 524 3656 Pet.
551 3601 585 3656 Η.
605 3600 638 3656 Β.
656 3601 690 3656 R.
715 3618 741 3670 p.
765 3601 931 3656 LXXVlIll.
974 3603 1126 3662 Mommsen
1153 3606 1186 3661 R.
1210 3605 1241 3661 F.
1266 3605 1303 3660 ΙΙ.
1328 3624 1353 3677 p.
1378 3609 1431 3664 378

261 3690 323 3745 adn.
344 3693 403 3745 127.
441 3689 547 3756 Soltau,
567 3689 629 3744 Ghr.
648 3689 681 3743 R.
701 3707 727 3759 p.
747 3692 806 3746 378.
826 3691 858 3745 Ε.
877 3691 982 3760 Meyer,
1011 3695 1081 3749 Mus.
1100 3694 1150 3750 Rh.
1170 3694 1304 3750 XXXVII
1326 3713 1352 3765 p.
1370 3699 1430 3765 623,

261 3779 322 3833 627.
351 3780 443 3834 Antea
461 3778 518 3832 iarn
535 3777 690 3848 Baumgart
708 3779 759 3848 „de
779 3778 810 3844 Q.
829 3779 914 3835 Fabio
934 3781 1045 3839 Pictore
1063 3786 1132 3838 etc.“
1151 3800 1177 3852 p.
1199 3785 1231 3838 15
1251 3800 1309 3853 sqq.
1328 3785 1431 3853 aliique

262 3867 291 3923 in
310 3867 425 3923 eandem
444 3867 598 3923 inciderant
617 3868 791 3924 senteutiam.

351 3972 388 4044 ⁴⁶)
408 3973 497 4029 Simili
514 3975 595 4029 modo
614 3975 698 4029 Acilii
717 3976 830 4031 annales
850 3992 866 4032 a
886 3977 1001 4034 Claudio
1020 3978 1065 4046 (cf.
1084 3977 1144 4034 Liv.
1163 3979 1249 4048 XXV,
1268 3983 1310 4049 89,
1331 3983 1376 4050 11)
1402 3988 1432 4038 11

259 4061 397 4119 Postumii
416 4063 537 4120 Graecos
564 4063 650 4120 libros
668 4081 686 4119 a
703 4063 859 4134 nescioquo,
880 4067 904 4121 si
927 4066 995 4123 lidos
1025 4067 1142 4123 attribui
1169 4075 1264 4138 potest
1290 4070 1430 4127 Macrobio

259 4152 312 4222 III,
333 4156 376 4220 20,
394 4153 419 4221 ὅ,
438 4153 468 4208 in
486 4151 617 4210 Latinum
635 4154 790 4212 1111111111
809 4170 869 4212 esse
888 4171 1041 4212 sermonem
1059 4157 1217 4227 accipimus.
1445 4163 1447 4168 '

350 4258 388 4330 ⁴⁶)
406 4259 489 4329 Apud
508 4258 667 4316 Ciceronem
685 4260 975 4332 1.l.lcgimusuoec:
1002 4269 1049 4332 „et
1066 4265 1159 4320 tenuit
1183 4281 1243 4321 curn
1267 4265 1319 4320 hoc
1342 4265 1430 4320 locum

260 4347 397 4417 quendam
419 4349 504 4404 etiam
524 4347 589 4404 Ser.
609 4348 723 4406 Fuluius
746 4354 849 4407 etune
868 4351 934 4407 Ser.
975 4351 1076 4408 Fabius
1100 4354 1195 4411 Pictor
1213 4355 1283 4410 etc.“
1304 4353 1431 4410 Offensus

261 4442 307 4492 est
335 4435 389 4492 iarn
417 4437 569 4494 Mommsen
598 4438 627 4494 in
655 4440 831 4508 praenomine
859 4439 988 4506 Servio,
1019 4442 1097 4510 quod,
1119 4442 1277 4513 ceteroquin
1304 4442 1431 4514 ignotum

261 4530 309 4580 est
327 4525 405 4594 genti
423 4526 528 4583 Fabiae
547 4525 590 4598 (R.
609 4528 640 4584 F.
659 4527 682 4582 Ι.
701 4545 727 4598 p.
746 4529 802 4597 lo).
837 4527 919 4583 Haud
937 4529 1019 4586 dubie
1032 4530 1178 4587 delendum
1194 4537 1239 4588 est
1250 4532 1278 4588 111
1291 4531 1431 4590 Ciceronis

259 4618 358 4684 textu3
376 4614 490 4685 irrepsit
508 4615 580 4672 enirn
599 4631 614 4672 1
632 4617 741 4673 nomine
760 4618 832 4686 quod
849 4619 992 4674 antecedit
1010 4621 1074 4676 Ser.
1093 4620 1199 4676 Fulvio.

1184 4725 1217 4781 3*
