3366 5052
738 301 957 364 ..63-

351 478 393 549 in
415 478 492 548 aliis
516 483 627 546 autem
650 482 800 564 pugnant
815 479 903 546 inter
926 475 1021 563 se⁷²).
1060 478 1100 542 u.
1124 497 1155 560 g.
1179 475 1328 544 diversas
1350 471 1432 540 belli

263 608 382 656 causas
405 588 575 672 proferunt
604 590 757 654 auctores
780 585 873 651 modo
903 583 1041 661 laudati,
1070 601 1176 665 neque
1198 580 1432 666 progrediente

261 696 453 762 narratione
494 695 612 761 desunt
652 691 907 775 discrepantiae.
970 689 1063 776 Quae
1092 709 1165 756 cnm
1191 689 1242 755 ita
1271 688 1339 756 sint
1367 706 1434 754 non

263 804 410 887 eundem,
436 803 494 870 sed
509 801 633 870 similes
658 818 801 885 agnosco
824 798 934 867 fontes
958 797 1045 881 apud
1067 796 1210 880 Livium,
1227 794 1431 880 Dionysium,

262 909 451 978 Diodorum.

666 1133 695 1187 5.
719 1123 776 1190 lib.
800 1122 892 1192 VHI
913 1120 954 1188 fr.
981 1127 1031 1187 26.

351 1268 427 1335 Ηοθ
450 1267 638 1351 fragmento
669 1265 834 1334 fetialium
865 1264 1005 1331 bellicae
1036 1262 1254 1330 caerimoniae
1285 1259 1434 1330 breviter

264 1374 542 1459 perstringuntur.
597 1373 697 1442 Cuius
729 1370 905 1456 collegiiw)
945 1371 1082 1453 antiquo
1112 1372 1334 1438 Romanorum
1363 1367 1434 1434 ritu

263 1500 393 1549 sacrum
417 1487 491 1548 erat
515 1481 656 1548 officium
679 1480 829 1546 hostibus
852 1479 973 1545 bellum
990 1478 1144 1545 indicere.
1183 1479 1236 1544 De
1259 1478 1320 1543 hoc
1343 1475 1433 1558 frag·

263 1596 374 1655 mento
398 1608 436 1655 eo
460 1588 591 1654 cautius
608 1593 661 1654 est
676 1585 886 1653 iudicandum
907 1586 992 1667 quod
1008 1584 1142 1651 Tuetzis
1165 1588 1298 1650 tantum
1313 1582 1434 1649 nititur

262 1695 467 1762 auctoritate
492 1694 590 1779 (0111.
615 1694 728 1781 V‚15).
767 1694 963 1776 Ignoramus
987 1692 1073 1759 enim
1095 1709 1172 1758 num
1195 1690 1337 1756 Tretaes
1360 1707 1433 1758 ver·

263 1802 376 1870 siculis
404 1804 472 1870 suis
504 1801 681 1885 diligenter
711 1805 826 1866 textus
854 1797 1012 1867 Diodorei
1041 1797 1187 1880 vestigia
1210 1797 1256 1865 sit
1286 1801 1432 1865 secutus.

262 1910 375 1993 Aegre
399 1908 568 1976 ferendum
592 1913 645 1975 est
669 1907 753 1989 quod
783 1910 935 1974 auctores
962 1905 1113 1974 historici
1135 1904 1251 1972 mirum
1267 1908 1434 1988 'quantum

261 2017 351 2083 inter
364 2035 400 2084 se
409 2016 600 2099 discrepant
614 2035 635 2081 a
647 2033 710 2096 quo
721 2032 801 2097 rege
813 2011 978 2079 fetialium
990 2012 1163 2098 collegium
1176 2011 1221 2079 sit
1232 2011 1431 2079 institutum.

263 2124 424 2191 Testatur
448 2123 534 2190 enim
556 2121 735 2206 Dionysius
759 2121 798 2186 H
824 2126 1025 2202 72·quocum
1048 2119 1235 2188 iacitPlnt.
1249 2118 1347 2186 Num.
1382 2124 1432 2183 12.

262 2230 354 2298 Oam.
382 2237 433 2314 18,
456 2231 599 2298 Numam
618 2227 816 2312 Pompilium
838 2227 976 2310 primum
998 2229 1125 2296 Romae
1148 2226 1313 2294 fetialium
1336 2226 1434 2293 colle·

262 2338 351 2422 gium
375 2337 599 2421 constituisse,
617 2355 689 2403 cum
711 2334 829 2404 Livius
843 2335 864 2402 I
880 2340 953 2417 35,5
971 2340 1007 2403 et
1023 2334 1158 2405 Servius
1179 2334 1223 2403 ad
1237 2333 1323 2402 Aen.
1340 2335 1379 2402 X
1393 2340 1434 2398 14

262 2445 342 2512 belli
376 2443 589 2511 indictionem
628 2463 649 2510 a
686 2441 857 2509 fetialibus
895 2442 1136 2527 suscipiendam
1173 2441 1269 2510 Anco
1307 2441 1434 2510 Marcio

214 2573 216 2580 ’
262 2550 430 2618 addicant.
477 2550 594 2621 Livius
624 2569 703 2619 vero
729 2550 797 2617 iam
820 2549 930 2633 capite
961 2558 1037 2628 24,4
1068 2555 1299 2618 commemorat
1326 2568 1435 2616 sacer·

265 2659 375 2725 dotem
397 2657 557 2742 fetialem,
588 2657 645 2725 ubi
675 2676 781 2724 sermo
811 2663 865 2724 est
895 2658 935 2724 de
958 2659 1089 2725 foedere
1112 2658 1202 2725 inter
1223 2656 1374 2724 Albanos
1398 2661 1434 2723 et

262 2765 404 2833 Latinos
432 2765 510 2834 icto.
557 2765 654 2834 Solus
678 2765 794 2832 Oicero
825 2764 855 2830 d.
879 2785 905 2830 r.
929 2784 961 2848 p.
985 2766 1034 2847 Π,
1061 2771 1111 2848 17,
1143 2784 1239 2848 quem
1260 2763 1435 2848 Polybium

261 2871 453 2957 primarium
475 2876 645 2940 auctorem
661 2876 810 2940 secutum
833 2889 907 2938 esse
923 2871 1054 2957 scimus,
1078 2871 1244 2940 fetialium
1259 2870 1435 2955 collegium

263 2998 338 3047 esse
362 2978 528 3048 conditum
559 2981 669 3063 prodit
693 2979 800 3047 Tullio
824 2983 996 3065 regnante.
1043 2979 1155 3047 Tanta
1182 2984 1236 3048 est
1264 2984 1435 3046 auctorum

262 3087 451 3156 diversitas.
506 3086 614 3174 Quam
644 3086 808 3155 Diodorus
839 3086 1039 3171 praetulerit
1069 3085 1288 3172 sententiam,
1327 3085 1385 3155 vix
1415 3105 1434 3152 e

261 3195 459 3281 fragmentis
491 3195 661 3278 qumquam
693 3197 797 3262 eruet.
843 3194 920 3262 Non
949 3198 1062 3278 potest
1094 3193 1237 3279 cogitari
1267 3192 1308 3260 de
1337 3193 1434 3260 Anco

261 3305 398 3386 Marcio,
422 3322 495 3370 cum
517 3302 553 3370 in
575 3303 631 3370 lib.
661 3305 751 3375 VHI
773 3301 813 3369 ir.
840 3309 880 3368 25
905 3320 968 3384 quo
992 3301 1113 3368 bellum
1136 3319 1157 3368 a
1185 3299 1294 3367 Tullio
1317 3305 1434 3368 contra

261 3410 413 3479 Albanos
452 3414 584 3495 gestum
619 3411 830 3488 describitur,
871 3411 975 3479 verba
1012 3417 1125 3486 „totto
1168 3411 1202 3472 ot
1240 3409 1435 3472 συνετέλεσεν

262 3516 406 3604 ἅρχαικῷ
437 3542 496 3584 τινι
525 3523 698 3600 προαχθεὶς
727 3519 812 3583 datast
839 3525 874 3586 et
903 3536 972 3598 sqq.
1002 3518 1046 3584 ad
1075 3515 1241 3584 fetialium
1271 3534 1434 3583 caeremo-

261 3625 336 3693 nias
357 3630 511 3708 spectare
534 3625 722 3695 videantur.
748 3625 1003 3708 ,uteunquuntur
1023 3623 1126 3708 igitur
1141 3624 1251 3691 Numa
1267 3628 1302 3689 et
1318 3623 1434 3691 Tullus

260 3731 438 3802 Hostilius.
485 3734 655 3802 Incertum
678 3735 790 3799 autem
813 3739 880 3812 est,
905 3736 1016 3800 utram
1039 3730 1208 3815 amplexus
1232 3730 1278 3798 sit
1301 3736 1433 3798 senten·

261 3841 345 3908 tiam
368 3838 542 3908 Diodorus.
584 3893 586 3898 .

264 4135 266 4140 π
352 4105 387 4178 ²¹)
405 4101 505 4166 Falsus
523 4107 612 4177 igitur
631 4113 675 4165 aet
689 4105 832 4164 colmam
852 4105 898 4178 qui
916 4122 942 4179 p.
956 4107 991 4164 58
1003 4105 1120 4165 Fabium
1132 4122 1182 4179 pro
1196 4106 1332 4166 communi
1348 4103 1434 4166 habet

261 4197 349 4253 101111.
386 4194 490 4254 Incidit
507 4196 537 4251 in
555 4197 634 4256 huno
645 4213 779 4267 errorem,
800 4197 872 4266 quod
891 4213 1077 4268 quaecumque
1095 4197 1191 4255 Livius
1209 4198 1297 4268 primo
1316 4199 1345 4255 iu
1362 4199 1432 4256 libro

261 4285 354 4356 prodit
372 4285 473 4343 tribuit
490 4285 586 4355 Fabio,
606 4303 687 4356 quem
704 4287 820 4344 Diodori
838 4303 945 4358 quoque
963 4288 1124 4359 primarium
1142 4289 1230 4345 inisse
1244 4289 1360 4346 ¹fontem
1371 4305 1432 4359 par·

260 4389 373 4432 suasum
391 4375 445 4432 sibi
462 4375 570 4434 habet.

354 4482 389 4553 ⁷⁸)
409 4482 494 4538 Cuius
513 4483 625 4554 collegii
644 4492 747 4555 quanta
765 4493 795 4542 et
814 4488 902 4555 qualia
921 4487 1008 4545 inerit
1025 4491 1151 4558 potestas
1171 4486 1280 4557 copiose
1301 4484 1433 4599 describit

260 4563 410 4644 Dionysius
427 4570 459 4630 11
477 4573 520 4646 72,
538 4570 636 4633 Livius
654 4573 669 4630 1
687 4575 731 4644 32,
751 4578 767 4631 o
785 4591 844 4646 sqq
