3410 5052
776 229 973 288 ..p-

380 400 556 471 Oincium
587 399 825 470 Alimentum
852 403 952 470 Fabii
979 402 1150 486 aequalem
1173 423 1195 470 a
1217 403 1364 472 Diodoro
1388 423 1462 472 esse

291 507 474 577 adhibitum
504 511 638 578 Matzat
670 510 766 594 „Ohn
794 511 908 577 Rom.“
935 512 1008 594 Ip.
1035 517 1097 575 263
1122 530 1191 594 sqq.
1224 511 1461 598 chronologicis

290 619 470 685 commotus
496 617 605 684 causis
629 617 714 685 satis
738 617 940 685 confidenter
963 618 1095 686 statuit.

380 742 453 811 Alii
476 741 557 810 heti
577 741 715 810 Diodori
737 743 848 811 verbis
871 742 983 825 quide
1006 763 1043 810 se
1065 743 1136 826 ipse
1159 742 1242 808 dicit
1256 745 1285 828 I,
1304 743 1462 821 4,,πάσας

290 847 347 926 τὰς
368 848 534 930 ἡγεμονίας
556 847 669 930 ταύτης
691 847 749 936 (sc.
768 848 1003 937 Romanorum)
1018 850 1144 931 πράξεις
1163 848 1299 931 ἀκριβῶς
1314 851 1461 930 ἀνελάβο-

288 981 346 1034 μεν
366 959 400 1022 ἐκ
422 965 488 1023 τῶν
510 956 584 1039 παρ’
600 959 736 1033 ,ἐκείνοις
758 953 996 1037 ὑπομνημάτων
1017 959 1052 1020 ἐκ
1074 963 1204 1021 πολλῶν
1227 957 1356 1039 χρόνων
1378 982 1460 1040 τετη-

291 1066 458 1146 ρημένων“
472 1068 599 1150 negant
614 1063 755 1131 Fabium
771 1065 826 1133 vel
841 1063 1001 1142 Cincium,
1018 1064 1074 1147 qui
1090 1063 1242 1132 Graece
1256 1065 1461 1150 scripserunt

288 1172 436 1251 annales,
460 1192 481 1241 a
502 1171 648 1240 Diodoro
673 1190 746 1239 esse
768 1174 956 1253 usurpatos.
1153 1189 1156 1196 ’

375 1298 454 1366 Dux
484 1316 611 1382 eorum,
647 1315 783 1379 quorum
813 1296 983 1362 sententia
1015 1314 1033 1362 1
1064 1295 1271 1380 Calpurnii
1300 1296 1460 1365 Pisonis

286 1423 385 1489 opere
413 1403 571 1472 historico
601 1422 662 1471 sua
690 1407 861 1470 mutuatus
893 1407 946 1470 est
973 1402 1154 1481 Diodorus,
1186 1409 1239 1472 est
1272 1404 1396 1471 Olason
1425 1404 1460 1471 in

285 1510 375 1580 Anu.
399 1511 555 1580 Heidelb.
588 1516 671 1576 1872
695 1531 727 1594 p.
753 1515 815 1575 835
841 1529 910 1592 sqq.
943 1509 999 1596 (cf.
1024 1510 1162 1579 eundem
1189 1513 1224 1580 in
1255 1511 1459 1596 Schwegler-

285 1617 409 1687 Olascn
435 1618 481 1686 Η.
505 1619 547 1686 R.
576 1619 629 1690 IV
655 1638 686 1700 p.
715 1620 777 1700 17).
833 1616 896 1684 Oui
926 1618 1084 1685 assentiri
1115 1618 1151 1683 L.
1182 1619 1275 1686 Oohn
1305 1619 1340 1686 in
1370 1617 1457 1686 Phil.

283 1725 479 1793 XXXXII
508 1746 539 1809 p.
574 1732 589 1789 1
622 1744 704 1808 sqq,
743 1723 881 1791 Klimke
919 1725 1104 1808 „Diodorus
1140 1725 1269 1794 Siculus
1304 1726 1370 1792 und
1405 1725 1458 1792 die

284 1833 446 1901 rdmische
469 1832 688 1900 Annalistik“
714 1833 956 1917 (Kdnigshiitte
983 1837 1090 1918 1882),
1116 1833 1259 1902 uriemel
1282 1834 1317 1901 J.
1333 1833 1368 1900 J.
1397 1839 1457 1898 139

282 1960 314 2026 p.
341 1947 404 2006 345
428 1960 493 2008 non
517 1941 727 2008 dubitabant.

372 2066 489 2135 Fabii
504 2065 682 2134 Pictoris
699 2064 868 2133 Latinos
881 2067 1019 2133 annales
1031 2065 1211 2133 Diodorum
1225 2085 1297 2134 esse
1310 2069 1458 2132 secutum

283 2192 386 2258 nuper
406 2173 652 2241 contendebant
667 2173 848 2256 Holzapfel
868 2172 945 2240 Ohr.
963 2175 1005 2241 R.
1021 2193 1053 2256 p.
1082 2179 1142 2238 199
1168 2192 1229 2241 nec
1251 2193 1316 2240 non
1340 2173 1458 2242 Soltau

286 2282 437 2368 „Proleg.
455 2280 499 2347 ad
514 2279 592 2349 Ohr.
609 2281 672 2348 R.“
691 2300 721 2363 p.
737 2286 778 2344 82
797 2284 832 2346 et
846 2279 881 2346 in
893 2278 971 2348 Ohr.
984 2281 1025 2348 R.
1038 2302 1069 2364 p.
1086 2287 1149 2345 373
1162 2300 1233 2364 sqq.
1262 2282 1304 2347 In
1320 2280 1457 2348 eandem

282 2388 485 2457 sententiam
506 2391 609 2456 antea
628 2386 695 2454 iam
710 2387 874 2456 inciderat
890 2389 945 2455 W.
962 2388 1106 2455 Harless
1125 2389 1185 2471 „de
1201 2387 1316 2455 Fabiis
1334 2392 1368 2454 et
1382 2386 1453 2456 Au-

284 2496 375 2565 fidiis
391 2516 499 2564 rerum
514 2496 737 2563 Romanarum
753 2494 1000 2579 scriptoribus“.
1024 2517 1055 2579 p.
1078 2501 1096 2560 3
1121 2514 1191 2578 sqq.
1217 2497 1323 2578 (Banu
1350 2499 1455 2578 1853).

371 2621 434 2689 Ed.
463 2623 579 2705 Meyer
607 2620 663 2703 qui
692 2620 732 2688 de
754 2621 892 2689 Diodori
919 2623 1068 2689 Romano
1097 2620 1189 2687 fonte
1217 2621 1287 2704 egit
1314 2621 1348 2687 in
1372 2621 1455 2687 Mus.

279 2729 344 2796 Rh.
373 2729 563 2800 XXXVH
584 2748 616 2811 p.
643 2734 705 2792 610
735 2748 817 2811 sqq,
853 2728 985 2795 nomina
1017 2727 1135 2795 afferre
1165 2726 1293 2795 veritus
1325 2731 1454 2811 tempus

279 2855 343 2919 quo
374 2837 512 2904 annales
544 2855 565 2902 a
594 2833 740 2903 Diodoro
773 2835 916 2902 adhibiti
946 2840 1059 2903 essent
1090 2834 1286 2920 conscripti,
1320 2835 1454 2903 definire

279 2943 418 3012 studuit.
471 2942 603 3011 Statuit
631 2941 684 3011 vir
710 2942 921 3010 doctissimus
949 2961 1005 3010 eos
1033 2960 1106 3009 esse
1135 2942 1331 3027 compositos
1363 2949 1453 3027 post

277 3050 390 3119 Fabii
412 3050 583 3118 Pictoris
607 3049 797 3127 Graecos,
822 3056 915 3118 ante
937 3049 1091 3118 Pisonis
1116 3050 1292 3118 annales.

366 3174 587 3244 EOlaudio
616 3175 883 3262 Quadrigario
910 3175 1089 3243 Diodorum
1116 3196 1170 3244 res
1198 3180 1309 3245 restas
1332 3175 1452 3243 Roma-

280 3302 395 3350 norum
419 3281 641 3366 desumpsisse
664 3283 773 3350 obiter
796 3281 985 3367 suspicatus
1010 3288 1063 3352 cst
1085 3283 1255 3368 Bidinger
1277 3282 1311 3349 in
1326 3282 1450 3352 Annal.

276 3390 373 3459 Burs.
401 3396 484 3456 1873
508 3389 549 3458 H
570 3410 602 3473 p.
630 3393 714 3454 1191
739 3409 809 3473 sqq.

366 3495 429 3566 On.
453 3495 653 3580 Flavium,
677 3496 817 3563 Diodori
840 3495 966 3564 fontem
989 3497 1092 3566 fuisse
1108 3499 1279 3565 statuerat
1298 3497 1449 3582 Nitzsch,

279 3604 467 3690 „Rb'ma'scbe
489 3603 698 3670 Ammliata'lc“
720 3624 752 3686 p.
778 3610 840 3668 232
866 3623 935 3687 sqq.

369 3729 419 3798 Hi
441 3748 553 3798 omnes
577 3728 642 3799 viri
665 3729 858 3810 doctissimi,
876 3749 1072 3813 quamquam
1096 3731 1136 3796 de
1158 3729 1288 3798 nomine
1305 3731 1450 3799 auctoris

275 3856 297 3903 a
316 3835 464 3904 Diodoro
480 3835 623 3904 adhibiti
646 3835 762 3903 mirum
786 3840 945 3919 quantum
960 3837 1049 3906 inter
1064 3853 1100 3905 se
1113 3824 1324 3921 dissentiunt,
1338 3842 1450 3907 tamen

274 3961 491 4026 quaecunque
513 3943 680 4011 Diodorus
705 3943 745 4009 de
768 3943 908 4026 antiqua
931 3945 1152 4012 Romanorum
1175 3945 1317 4013 historia
1339 3946 1449 4030 prodit

274 4069 316 4117 ex
333 4049 522 4135 antiquiore
538 4051 679 4133 quodam
695 4050 863 4119 annalium
880 4051 1041 4136 scriptore
1055 4071 1210 4122 manasse
1226 4053 1447 4122 consentiunt.

272 4157 396 4227 Acme
423 4158 546 4226 desunt
574 4159 704 4242 quidem
733 4158 789 4242 qui
810 4158 991 4227 Diodorum
1017 4177 1082 4228 non
1110 4180 1128 4228 e
1156 4161 1316 4229 Romanis
1345 4159 1448 4227 sede

273 4265 410 4333 Graecis
433 4264 590 4334 hausisse
613 4266 760 4333 fontibus
776 4285 970 4351 persuasum
992 4267 1056 4335 sibi
1076 4269 1233 4335 habeant.
1274 4267 1448 4354 Cogitavit

275 4391 304 4439 c.
331 4393 363 4459 g.
387 4374 598 4442 Bomemann
623 4373 684 4452 „dc
708 4373 860 4442 Castoris
883 4374 1045 4442 chronicis
1067 4375 1206 4442 Diodori
1229 4374 1333 4443 Siculi
1355 4375 1447 4442 fonte

273 4499 315 4546 ac
337 4484 474 4549 norma“
498 4502 529 4565 p.
557 4487 597 4546 20
622 4499 694 4564 sqq.
719 4482 760 4549 de
782 4482 954 4566 Timaeo,
978 4480 1142 4567 Duride‚
1169 4481 1348 4550 Castore.
