3410 5052
770 277 990 336 ,26-

301 448 415 516 foedus
438 449 546 517 icisse.
585 447 708 515 Paucis
731 468 808 517 vero
832 454 908 533 post
929 449 1141 536 Cleonymum
1165 469 1186 518 a
1209 452 1354 520 Lucanis
1378 453 1469 521 adiu-

300 560 371 623 tum
387 557 616 640 Metapontum
633 575 811 641 occupasse
835 560 870 624 et
894 556 1027 625 etiamsi
1042 558 1138 642 quasi
1160 559 1284 628 amicus
1298 558 1334 628 iu
1356 560 1470 628 urbem

299 663 468 749 ingressus
497 664 552 748 sit,
581 669 694 731 tamen
721 683 742 730 a
766 663 891 733 civibus
915 667 1070 732 sescenta
1094 665 1245 750 exegisse
1271 667 1404 735 talenta
1427 668 1468 736 si-

301 770 431 854 mulque
466 771 626 839 ducentas
661 771 807 857 virgines
841 772 1079 856 pulcherrimas
1120 773 1250 841 obsides
1289 774 1468 859 accepisse.

298 876 424 945 Postea
446 877 537 946 illum
561 878 731 947 consilium
756 877 882 963 cepisse
904 879 940 947 in
956 879 1105 948 Siciliam
1120 880 1302 967 navigandi
1325 887 1360 950 et
1376 881 1468 969 Aga-

298 983 420 1052 thoclis
447 985 597 1069 potiundi
625 986 729 1072 regui.
780 986 858 1054 Hac
885 1006 963 1055 vero
993 988 1165 1056 destitisse
1193 989 1402 1073 expeditione
1433 995 1469 1058 et

301 1091 480 1176 Corcyram
504 1096 636 1160 vectum
659 1092 800 1161 insulam
824 1093 1035 1177 despoliasse.
1075 1097 1182 1163 Paulo
1204 1100 1281 1180 post
1303 1097 1469 1181 praesidio

299 1198 465 1283 Corcyrae
495 1200 613 1268 relicto
644 1201 679 1268 in
708 1201 846 1268 Italiam
875 1221 1043 1271 reversum
1075 1222 1147 1270 esse
1179 1204 1264 1287 quod
1294 1204 1469 1273 Tarentini

299 1306 509 1375 desciverint.
549 1308 716 1395 Adiungit
738 1308 904 1377 Diodorus
926 1329 981 1377 res
1005 1328 1090 1393 quae
1112 1313 1230 1394 postea
1253 1311 1468 1397 aCleouymo

297 1411 331 1480 in
361 1413 447 1482 Asia
478 1420 556 1484 suut
583 1420 712 1502 gestae.
764 1417 817 1485 Ea
845 1435 929 1499 quae
956 1417 1063 1484 tradit
1090 1416 1255 1486 Diodorus
1282 1417 1352 1487 fere
1378 1419 1468 1487 nullo

297 1520 391 1588 modo
420 1522 600 1592 cohaerent
627 1544 698 1591 cum
725 1525 824 1593 rebus
852 1525 1021 1592 Romanis.
1072 1525 1140 1596 Vix
1167 1526 1338 1608 quisquam
1366 1546 1468 1594 anna-

296 1627 375 1695 lium
399 1629 542 1713 scriptor
564 1636 635 1698 tam
659 1630 789 1715 copiose
805 1651 859 1698 res
875 1631 1077 1699 Tarentinas
1094 1637 1322 1702 enarraverat.
1361 1631 1468 1702 Acce·

296 1736 378 1804 dunt
394 1756 472 1805 vero
489 1738 577 1806 aliae
594 1757 724 1806 causae.
756 1739 977 1809 Inveniuntur
992 1739 1078 1807 enim
1094 1740 1236 1825 singula,
1254 1759 1339 1823 quae
1350 1741 1467 1810 melius

297 1843 471 1910 convenire
500 1844 581 1911 mihi
604 1845 759 1921 videntur
782 1845 912 1913 auctori
935 1845 1067 1914 Graeco
1091 1866 1188 1930 quam
1211 1848 1360 1916 Romano
1384 1868 1410 1916 6.
1434 1870 1466 1934 g.

299 1967 383 2031 quae
398 1949 524 2018 iudicat
537 1951 577 2019 de
594 1951 765 2037 Cleonymi
787 1953 1092 2021 Lacedaemonii
1114 1955 1244 2022 luxurIa
1267 1959 1302 2022 61
1325 1955 1467 2024 libidini-

294 2058 356 2124 bus
383 2057 457 2126 fons
486 2078 506 2127 a
534 2059 678 2127 Diodoro
706 2064 893 2144 usurpatus.
945 2059 1038 2147 Quae
1067 2081 1139 2129 cum
1167 2061 1219 2129 ita
1247 2061 1325 2146 siut,
1355 2062 1467 2146 capita

298 2171 360 2229 104
385 2170 420 2233 61
446 2173 506 2232 105
531 2165 697 2235 eCraeeo
720 2167 813 2234 fonte
830 2167 988 2254 (Timaeo,
1004 2167 1241 2256 Hieronymoi)
1261 2189 1334 2239 esse
1357 2169 1466 2253 petita

296 2271 450 2360 credor).

383 2380 509 2447 Restat
532 2382 579 2447 ut'
593 2379 796 2463 inquiramus
819 2381 854 2448 in
876 2380 1015 2449 Diodori
1038 2382 1094 2449 lib.
1119 2381 1187 2468 XI,
1214 2388 1270 2468 53;
1295 2382 1382 2470 XII,
1408 2391 1465 2468 643

294 2486 394 2569 XIV,
422 2492 500 2570 102;
524 2488 625 2571 XIV,
652 2494 730 2572 1163
755 2492 789 2555 et
813 2489 913 2574 XIV,
941 2495 1001 2554 117
1032 2491 1117 2573 quod
1148 2496 1249 2575 caput
1279 2510 1297 2559 e
1325 2490 1465 2563 diversis

294 2594 442 2664 fontibus
465 2598 637 2664 consutum
662 2614 735 2664 esse
758 2595 899 2666 videtur.

382 2703 460 2770 XII
477 2710 519 2767 64
534 2703 699 2772 Diodorus
715 2704 822 2771 tradIt
838 2703 881 2772 A.
897 2703 1104 2772 Postumium
1126 2703 1324 2776 dictatorem
1344 2707 1465 2792 capitis

294 2810 469 2878 damnasse
485 2810 587 2878 lilium
603 2830 696 2880 suum
711 2811 767 2895 qui
782 2811 910 2880 iniussu
926 2811 1108 2880 decesserit
1130 2813 1305 2896 pracsidio.
1340 2815 1465 2901 Incipit

293 2915 517 2984 narrationem
548 2917 712 2986 Postumii
742 2918 898 2988 facinoris
931 2919 984 2988 his
1018 2918 1144 2988 verbis:
1178 2919 1284 2998 υ1161
1307 2925 1341 2987 δὲ
1364 2947 1393 2987 τι
1415 2927 1465 2987 καὶ

291 3025 453 3100 παντελῶς
487 3019 619 3090 ἄπιστόν
654 3043 742 3105 φασι
775 3029 891 3108 πρᾶξαι
924 3026 982 3092 τὸν
1017 3026 1252 3106 Ποστούμιον.“
1312 3019 1465 3117 Cogitaui

210 3203 212 3212 k
291 3134 405 3217 potest
434 3130 615 3201 Diodorum
649 3133 730 3201 duos
764 3134 853 3201 inter
888 3153 925 3202 se
954 3155 1020 3204 nou
1051 3137 1298 3206 eonsentientes
1340 3137 1464 3208 adiisse

292 3239 416 3317 fontes,
447 3239 645 3324 praesertim
673 3260 745 3308 cum
772 3240 889 3311 livius
917 3242 958 3309 de
986 3242 1097 3310 tilica
1126 3249 1225 3329 patre
1254 3245 1363 3315 occiso
1391 3265 1465 3314 uon

291 3347 380 3415 inter
408 3367 444 3416 se
473 3346 680 3431 conspirasse
710 3352 859 3417 testetur
887 3354 1040 3418 auctores
1063 3352 1116 3422 IV
1140 3358 1192 3434 29,
1207 3359 1240 3418 6:
1272 3371 1353 3436 „uec
1380 3352 1464 3421 libet

291 3455 439 3539 credere,
464 3458 500 3522 et
522 3454 604 3523 licet
627 3454 662 3522 in
684 3457 812 3526 variis
841 3457 1125 3542 opinionibus.“
1174 3459 1240 3528 Sed
1263 3459 1377 3529 eodem
1399 3461 1463 3529 for-

291 3567 385 3631 tasse
413 3563 486 3648 jure
518 3564 698 3632 contendat
728 3565 848 3648 aliquis
881 3571 940 3634 aut
967 3565 1148 3634 Diodorum
1179 3567 1391 3637 cutientem
1421 3570 1463 3637 ab

291 3689 330 3738 eo
354 3681 549 3754 usurpatum
572 3670 740 3740 addidisse
762 3683 883 3751 ,,φασι“
906 3673 991 3756 quod
1013 3693 1078 3741 non
1098 3673 1278 3742 crediderit
1298 3675 1464 3745 Postumii

289 3779 398 3846 scelus
421 3779 465 3846 ab
489 3780 679 3848 auctoribus
703 3779 874 3848 traditum.

378 3885 540 3954 Similiter
563 3888 632 3972 XI,
658 3892 698 3951 53
723 3886 913 3972 (Fabiorum
937 3887 981 3954 ad
1004 3886 1193 3956 Cremeram
1220 3888 1393 3978 interitus)
1427 3896 1463 3959 61

289 3992 391 4078 XIV,
413 3998 475 4058 102
494 3995 579 4078 (agri
594 3993 777 4066 Veientani
792 3994 882 4077 plebi
897 3993 1010 4082 divisi)
1027 3995 1128 4062 alium
1143 4001 1279 4080 praeter
1295 3997 1463 4065 annalium

288 4101 484 4184 scriptorem
511 4100 696 4184 inspexisse
723 4099 856 4170 videtur
882 4102 1007 4170 fontem
1035 4102 1210 4172 Diodorus.
1257 4103 1358 4189 Apud
1385 4103 1462 4172 Dio-

289 4209 402 4277 dorum
432 4207 535 4294 XIV,
570 4213 632 4274 102
664 4208 804 4295 legimus
838 4210 938 4277 haect
978 4206 1165 4294 „xcu'ir'sdpn
1199 4209 1307 4288 δόντες
1339 4213 1461 4294 πλέθρα

378 4455 413 4528 ⁸⁸)
431 4453 550 4526 Bospalt
573 4454 603 4510 iu
626 4455 697 4512 Phil.
723 4454 817 4512 XXIII
841 4473 868 4528 p.
888 4458 923 4512 71
941 4473 999 4527 sqq.
1025 4457 1085 4529 egIt
1110 4458 1144 4514 dc
1166 4459 1250 4515 rebus
1272 4475 1290 4514 a
1312 4459 1459 4528 Cleonymo

288 4544 394 4616 gastim
414 4545 447 4601 de
467 4545 546 4604 fonte
563 4559 629 4602 vero
647 4543 762 4603 Diodori
779 4545 819 4602 nil
836 4545 962 4616 protulit.
