3410 5052
768 298 989 356 ..28-

291 471 432 538 Initium
452 471 558 556 igitur
581 475 616 538 et
638 470 734 537 finem
758 469 879 553 capitis
906 476 966 534 117
992 470 1161 537 annalium
1184 469 1356 554 scriptoris
1376 489 1459 548 esse,

290 577 431 646 mediam
453 583 584 662 partem
607 576 701 660 alius,
727 575 851 646 Graeci
873 576 1028 661 fortasse,
1052 575 1155 644 fontis
1177 575 1315 662 111181)

378 686 504 753 Restat
520 685 624 769 igitur
639 682 790 767 quaestio
806 703 901 766 quem
917 683 1085 751 annalium
1101 683 1295 767 scriptorem
1311 685 1346 751 in
1367 701 1461 752 usum

290 811 383 860 suum
415 792 619 863 converterit
648 792 822 859 Diodorus.
877 792 955 874 Ipse
985 810 1028 859 ne
1059 810 1176 858 ansam
1207 791 1337 874 quidem
1367 792 1461 860 nobis

290 899 497 984 suppeditat3
522 918 598 966 nam
615 899 650 967 in
666 898 911 966 commentariis
926 897 1095 966 historicis
1114 898 1272 966 librorum
1283 899 1461 966 XI-XX

289 1025 331 1074 ne
359 1026 442 1074 unus
471 1006 601 1090 quidem
627 1006 785 1073 laudatur
813 1005 957 1089 scriptor
983 1005 1171 1074 historicus.
1217 1005 1259 1072 Id
1287 1009 1461 1074 tantuma

290 1114 461 1182 brevitate
490 1116 525 1181 et
552 1113 707 1182 exilitate
736 1131 845 1180 eorum
874 1130 959 1195 quae
986 1111 1097 1196 prodit
1120 1111 1284 1179 Diodorus
1309 1111 1350 1180 de
1373 1112 1460 1180 anti-

291 1220 457 1304 quissimis
472 1221 694 1288 Romanorum
716 1222 814 1287 rebus
835 1219 941 1304 gestis
958 1218 1101 1286 dilucide
1120 1219 1345 1304 perspicimus,
1369 1219 1461 1286 illum

290 1347 357 1396 non
379 1329 527 1412 copiosos
551 1335 586 1396 et
609 1329 765 1399 verbosos
789 1327 935 1411 Claudii,
960 1327 1015 1394 vel
1038 1325 1193 1394 Antiatis
1217 1330 1365 1395 secutum
1389 1346 1461 1394 esse

289 1437 437 1505 annales.

565 1684 627 1782 Ile
659 1685 706 1780 L.
740 1683 892 1782 Oincio
925 1681 1170 1780 Alimento.

378 1845 558 1913 Diodorum
569 1865 623 1915 res
635 1848 804 1914 Romanas
817 1865 835 1912 e
849 1843 956 1913 Cincii
967 1843 1131 1912 Alimenti
1144 1846 1319 1913 annalibus
1332 1843 1461 1912 Graece

290 1953 425 2037 scriptis
449 1953 628 2037 sumpsisse
651 1956 785 2023 Matzat
807 1954 842 2020 in
865 1951 1018 2021 Chronol.
1035 1953 1130 2018 Rom.
1152 1953 1172 2018 I
1195 1958 1258 2016 263
1283 1971 1352 2035 sqq.
1378 1970 1461 2018 com-

287 2061 433 2144 probare
455 2061 595 2129 studuit.
643 2062 738 2148 Quae
761 2059 930 2127 sententia
952 2058 1193 2143 probabilitate
1216 2077 1281 2125 non
1305 2077 1462 2126 commen·

289 2168 398 2234 datur.
436 2167 621 2251 Numquis
644 2167 745 2234 facile
768 2167 832 2234 sibi
854 2166 1067 2250 persuadeat,
1091 2165 1272 2233 Diodorum
1295 2167 1462 2235 annalium

288 2275 496 2358 scriptorem,
527 2276 618 2342 cuius
647 2274 787 2361 gloriam
810 2274 909 2340 Fabii
937 2273 1075 2340 annales
1105 2273 1193 2357 apud
1214 2283 1365 2358 posteros
1388 2294 1462 2341 mox

289 2383 484 2449 obscurasse
507 2382 672 2459 videntur,
698 2381 901 2448 consuluisse
923 2381 966 2447 ad
981 2399 1035 2448 res
1050 2382 1220 2449 Romanas
1236 2381 1461 2450 enarrandas?

286 2489 504 2558 Paucissimis
520 2489 668 2572 reliquiis
685 2488 793 2557 Oinoii
809 2488 977 2556 annalium
998 2507 1083 2571 quae
1106 2492 1290 2574 temporum
1312 2490 1461 2557 tulerunt

286 2595 483 2679 iniquitates
519 2596 653 2663 Matzat
691 2596 735 2663 ad
774 2614 868 2663 suam
904 2595 1159 2664 confirmandam
1194 2596 1377 2680 opinionem
1411 2596 1461 2664 uti

290 2702 406 2787 nequit
438 2703 491 2784 (cf.
516 2703 590 2770 Pet.
619 2703 662 2771 H.
685 2703 728 2771 R.
753 2704 795 2770 R.
823 2724 854 2788 p.
880 2701 1003 2791 40143).
1054 2701 1141 2789 Quin
1171 2703 1275 2770 etiam
1306 2723 1346 2770 ea
1377 2722 1461 2786 quae

285 2809 414 2894 profert
445 2809 611 2879 Diodorus
645 2811 685 2879 de
717 2814 822 2878 morte
854 2810 970 2878 Maelii
992 2810 1078 2894 XII,
1110 2816 1149 2874 37
1175 2829 1205 2876 a.
1232 2817 1294 2876 315
1328 2812 1398 2887 ,aab
1428 2815 1461 2875 ol

287 2917 413 2980 τούτων
448 2918 482 2980 ἐν
519 2920 559 2997 τῇ
592 2915 695 2998 Ῥώμῃ
733 2916 872 2998 Σπόριος
914 2921 1046 2991 Melicos
1081 2917 1261 2992 ἐπιθέμενος
1302 2922 1461 2999 τυραννίδι

287 3020 458 3105 toqpltffl,
481 3022 585 3090 multo
609 3022 740 3091 distant
763 3023 932 3092 brevitate
957 3041 978 3090 a
1001 3022 1108 3090 Cincii
1136 3024 1327 3092 narratione
1359 3024 1459 3110 (11.6.

287 3129 328 3198 cf.
352 3130 534 3197 Mommsen
557 3131 597 3196 R.
622 3131 662 3197 F.
687 3131 727 3198 H
751 3129 841 3217 200).
894 3130 1099 3198 Enucleasse
1126 3150 1205 3201 vero
1238 3131 1302 3199 sibi
1328 3131 1462 3202 videtur

287 3237 422 3304 Matzat
459 3235 624 3303 rationem
664 3237 928 3323 chronologicam
967 3255 1065 3318 quam
1108 3238 1258 3320 sequitur
1294 3238 1460 3306 Diodorus

289 3343 452 3426 quadrare
484 3343 528 3409 ad
557 3342 665 3411 fastos
694 3344 802 3412 Cincii
829 3344 883 3428 (cf.
907 3344 929 3410 l.
954 3344 976 3409 l.
1000 3364 1031 3427 p.
1058 3350 1120 3408 288
1145 3344 1243 3432 sqq).
1290 3344 1392 3414 Ouios
1420 3345 1460 3412 de

286 3454 470 3534 temporum
492 3449 625 3518 ratione
648 3449 717 3517 iere
740 3452 823 3519 nihil
845 3453 1003 3519 habemus
1027 3456 1228 3536 compertum
1250 3452 1315 3520 nisi
1339 3471 1461 3520 annum

285 3557 376 3625 urbis
402 3557 556 3624 conditae
580 3557 620 3624 ol.
649 3563 700 3642 12,
725 3564 756 3622 4.
783 3565 844 3623 729
869 3578 900 3625 1.
925 3557 985 3625 Oh.
1008 3578 1040 3625 n.
1066 3558 1121 3645 (cf.
1138 3558 1267 3643 Dionys
1290 3561 1320 3644 1,
1346 3566 1396 3626 74.
1417 3560 1458 3628 ir.

286 3672 306 3729 4
330 3665 387 3747 Ρ.)
430 3663 553 3733 Omnes
583 3682 662 3732 vero
690 3665 900 3733 ratiunculae
923 3666 1083 3733 Matzatii
1105 3667 1256 3748 quamvis
1280 3667 1459 3736 artificiose

289 3774 326 3839 et
350 3769 520 3855 sagaciter
543 3770 758 3856 excogitatae
788 3772 1011 3855 concidunt,
1044 3791 1116 3839 cnm
1143 3771 1323 3842 Diodorum
1350 3774 1459 3844 fastos

285 3898 304 3946 e
332 3877 461 3962 duplice
495 3878 700 3964 excerpsisse
731 3878 873 3947 sciamus
905 3878 1015 3963 fonte,
1051 3879 1193 3948 Castore
1224 3887 1259 3948 et
1290 3882 1459 3950 annalium

287 3985 459 4070 scriptore.
485 3985 525 4052 cf.
550 3986 679 4054 Olchor.
704 3986 727 4053 l.
752 3986 774 4053 l.
798 4006 829 4069 p.
855 3992 929 4051 212.
976 3988 1050 4054 Iam
1073 3991 1176 4055 antea
1199 3987 1311 4072 Nieso,
1336 3988 1457 4057 Philol.

284 4092 372 4161 Anz.
389 4092 483 4164 XIV
497 4112 528 4175 p.
547 4099 610 4157 560
627 4097 662 4160 et
686 4093 806 4162 Soltau
827 4093 947 4160 Philol.
971 4094 1097 4162 Runds.
1126 4102 1209 4160 1884
1232 4117 1264 4180 p.
1282 4103 1357 4162 301.
1382 4096 1457 4164 aliis

288 4199 398 4269 causis
421 4198 624 4267 Matzatium
646 4199 897 4285 redarguerunt.

378 4375 415 4448 ⁸⁶)
434 4374 536 4433 Omnes
555 4375 604 4432 alii
623 4377 800 4434 consentiunt
818 4377 963 4433 Camillum
982 4395 1006 4434 a.
1026 4377 1168 4436 35811111
1181 4379 1271 4450 captis
1284 4394 1366 4436 curru
1379 4379 1457 4450 equis

289 4465 359 4523 albis
378 4464 472 4522 iuncto
491 4465 659 4536 triumphum
678 4466 778 4538 egisse.
816 4467 851 4522 cf.
876 4467 935 4522 Liv.
954 4465 988 4536 V,
1014 4468 1062 4536 283
1085 4465 1160 4524 Plut.
1180 4467 1254 4525 (lam.
1274 4472 1299 4526 7.
1342 4469 1457 4526 Diodori

290 4553 449 4612 memoriam
468 4554 651 4625 antiquiorem
671 4570 732 4614 csse
751 4556 923 4616 demonstrat
940 4557 1092 4615 Mommsen
1109 4556 1127 4613 l.
1140 4556 1159 4613 l.
1177 4575 1204 4627 p.
1223 4559 1373 4615 eat-338.
