3410 5052
377 511 559 574 Alxolerol:
584 507 642 576 XI
667 513 719 572 40.
758 508 880 574 Alutae:
904 508 982 576 ΧΠ
1005 516 1061 592 64;
1086 509 1162 578 XX
1185 517 1263 594 1013
1287 511 1375 582 XIV
1394 517 1454 575 117

287 614 381 677 πόλιν
396 609 442 677 ὑπ
455 609 597 692 Ἀἴκλων
621 622 680 680 νῦν
696 623 763 680 τῶν
778 619 933 681 Alacrior
952 620 1157 693 καλουμένων
1161 640 1173 694 ;
1198 621 1356 682 doctor:
1381 618 1457 686 XX

291 725 363 785 101.
380 719 542 806 (nonnulli
556 721 658 810 libri.)
681 722 782 787 liuor
801 724 897 791 XIH
917 731 951 808 63
975 724 1072 792 XHI
1087 730 1144 809 423
1169 722 1341 800 irrorate:
1366 725 1457 796 XIV

289 835 346 911 983
370 825 554 907 axeltorg:
578 830 670 901 XIV
696 836 767 896 102.

375 935 560 1003 Praeterea
583 935 660 1004 XX
677 943 717 1002 80
741 957 800 1021 pro
816 935 1002 1018 Ἀναγνίταις
1017 940 1133 1007 miram
1154 940 1311 1008 exhibent
1327 959 1458 1022 corrup-

287 1042 391 1110 telam
421 1041 498 1110 libri
520 1047 685 1122 Αῐνινίιαις
700 1045 754 1113 rel
770 1045 950 1125 Αἰγινήταις.
975 1047 1101 1132 Quibus
1113 1048 1305 1132 praemissis
1317 1067 1403 1114 nnnc
1418 1066 1459 1113 ea
1583 1095 1587 1102 .

288 1148 493 1234 potissimum
504 1151 659 1218 tractabo
678 1153 827 1234 exempla
840 1154 1060 1237 quaeMeyeri
1073 1154 1223 1237 opinione
1235 1154 1370 1222 maximi
1382 1158 1460 1221 sunt

288 1256 454 1342 momenti,
462 1256 670 1343 emittamea,
681 1260 1214 1346 quibusipsennllemautparvam
1222 1262 1342 1329 tribuit
1350 1261 1458 1344 rim⁷).

376 1366 425 1432 Π.
447 1364 656 1453 Σαρὸῥννία.
681 1367 762 1449 XV,
788 1373 827 1432 27
854 1369 898 1453 (a.
917 1367 996 1453 368)
1018 1368 1184 1436 Diodorus
1207 1371 1291 1437 haec
1312 1369 1461 1437 breviter

287 1472 399 1557 prodit
430 1472 470 1540 de
501 1472 629 1540 colonia
660 1493 681 1540 a
708 1473 867 1542 Romanis
880 1475 1038 1548 ,deducta
1066 1482 1107 1552 εἰς
1136 1481 1340 1559 leodorico:
1373 1469 1460 1553 „dua

288 1585 322 1645 δὲ
347 1580 475 1656 τούτοις
500 1582 725 1664 πραττομένοις
757 1577 905 1657 Ῥωμαῖοι
934 1587 991 1658 μὲν
1013 1582 1059 1646 ἐπ’
1085 1583 1202 1668 ἀτελείᾳ
1236 1590 1460 1659 πεντακοσίους

289 1687 439 1765 ἀποίκους
473 1692 514 1764 εἰς
543 1692 770 1769 neoterica
804 1688 994 1755 ἀπέστειλαν.
1054 1689 1248 1778 (Σαρδονίαν
1282 1692 1391 1759 Paris.
1417 1692 1460 1776 2).

289 1797 396 1883 Quam
419 1795 557 1863 formam
580 1795 719 1863 nominis
742 1795 872 1864 msulae
895 1797 1070 1865 Sardiniae
1092 1818 1157 1867 non
1184 1819 1263 1868 vere
1295 1799 1461 1868 Graecam

288 1922 362 1972 esse
392 1903 461 1970 rati
490 1903 619 1986 Meyer,
651 1902 845 1986 Holrapfel
878 1904 937 1971 alii
967 1923 985 1971 e
1012 1906 1137 1974 Latino
1167 1926 1227 1975 sno
1259 1906 1366 1992 fonte,
1398 1924 1460 1988 qno

288 2009 410 2096 legerit
441 2008 683 2094 „Sardiniam“‚
713 2010 895 2079 Diodorum
929 2012 1108 2095 opinantur
1136 2033 1254 2082 nomen
1283 2033 1349 2081 non
1383 2032 1461 2082 vere

289 2119 456 2188 Graecum
485 2117 702 2185 transtulisse
732 2117 767 2184 in
796 2122 936 2186 textum.
997 2120 1138 2188 Usitata
1170 2121 1256 2188 enim
1288 2120 1462 2191 Sardiniae

288 2227 418 2294 insulam
438 2223 572 2295 Graeca
594 2224 700 2291 forma
723 2229 776 2293 est
792 2226 909 2307 Σαρδώ
933 2227 987 2296 rel
1003 2228 1149 2309 Σαρὸών.
1201 2227 1309 2314 Quid?
1343 2228 1464 2295 Nonne

290 2333 469 2420 singularis
493 2336 529 2399 et
552 2331 690 2399 mirifica
713 2332 890 2402 Sardiniae
912 2335 1042 2403 insulae
1072 2334 1179 2403 forma
1209 2338 1379 2418 Σαρδονία
1407 2353 1462 2418 op·

289 2441 371 2508 time
400 2441 550 2508 Romano
582 2458 708 2523 quoqne
739 2440 917 2509 condonari
947 2447 1061 2527 potest
1092 2444 1222 2511 auctori
1249 2442 1305 2527 qni
1332 2440 1462 2509 Graece

290 2546 473 2631 composuit
502 2546 683 2616 historias?
706 2585 749 2597 -
776 2548 939 2618 Similiter
966 2569 987 2616 a
1014 2549 1126 2618 Sileno
1154 2550 1241 2633 apnd
1268 2550 1404 2618 Snidam
1435 2569 1461 2617 s.

290 2656 467 2737 Σαρδάνιος
496 2654 625 2722 incolae
647 2655 777 2722 insulae
800 2657 979 2739 Σαρδώνιοι
1003 2657 1223 2740 appellantur.
1272 2656 1309 2725 Si
1331 2655 1462 2726 Silenus

290 2762 466 2832 Sardiniae
488 2762 614 2830 incolas
641 2769 742 2830 vocat
757 2767 973 2844 Σαροωνίονς,
998 2764 1112 2845 quidni
1134 2763 1299 2831 Diodorus
1320 2763 1464 2831 insulem

289 2871 397 2954 ipsam
419 2868 632 2952 ΣαρδωνίανΡ
671 2870 747 2956 Qua
769 2890 788 2936 e
810 2870 916 2937 forma
938 2871 1030 2938 illnm
1053 2870 1213 2938 Latinum
1237 2875 1407 2938 auctorem
1428 2871 1463 2937 in

290 2996 385 3047 usum
412 2995 505 3044 snum
533 2976 738 3046 convertisse
766 2975 923 3063 colligere
949 2996 1015 3045 non
1043 2978 1158 3045 audeo.
1207 2978 1325 3046 Facile
1352 2982 1464 3046 autem

290 3085 363 3154 fieri
389 3088 503 3168 potest
530 3091 645 3169 uteo,
673 3103 768 3167 quem
791 3087 978 3153 tractemus
1000 3085 1087 3170 loco,
1112 3086 1152 3153 de
1176 3085 1332 3154 Sardinia
1354 3085 1465 3153 insula

292 3192 441 3279 cogitare
471 3210 536 3259 non
566 3191 695 3259 licitum
729 3210 983 3276 concessumque
1017 3194 1073 3261 sit.
1128 3194 1334 3281 Quamquam
1367 3193 1464 3260 initio

292 3300 405 3385 quarti
424 3318 456 3367 a.
473 3298 551 3368 (ihr.
573 3300 698 3368 saeculi
709 3303 833 3370 multas
849 3322 870 3368 a
884 3301 1044 3369 Romanis
1061 3301 1213 3368 conditas
1229 3319 1303 3368 esse
1318 3301 1464 3368 colonias

290 3408 381 3476 hand
403 3407 492 3476 inter
519 3425 557 3474 se
579 3406 770 3491 discrepant
794 3413 959 3492 auctores,
983 3411 1098 3476 tamen
1119 3412 1255 3492 praeter
1284 3407 1465 3476 Diodorum

292 3518 410 3582 tacent
426 3514 588 3604 ceteride
604 3514 733 3583 colonia
747 3515 782 3582 in
798 3515 950 3585 Sardinia
972 3516 1082 3583 insula
1105 3513 1332 3598 constituta⁸).
1367 3514 1465 3583 Adde

386 3710 408 3780 ⁷)
428 3709 486 3766 Sibi
504 3726 559 3767 non
577 3709 1010 3782 constet]heud1dnbie⁷Scitam,
1036 3709 1109 3779 qnod
1133 3709 1162 3765 in
1181 3707 1244 3765 Chr.
1262 3709 1296 3766 R.
1315 3726 1341 3780 p.
1361 3711 1414 3764 3⁷5
1433 3725 1467 3765 ee

296 3799 531 3874 qneeJOielrorins
542 3800 702 3858 observavit
714 3801 748 3858 de
760 3801 843 3857 iestis
855 3800 972 3857 Diodori
985 3799 1159 3871 comprobat;
1171 3799 1247 3856 inira
1258 3804 1352 3856 antem
1365 3816 1391 3870 p.
1405 3801 1465 3854 37⁷.

295 3888 520 3964 ubif‘Diodornm
539 3889 675 3948 e'Latino
700 3894 814 3946 anctore
839 3907 890 3946 ene
908 3891 1049 3948 derivasse
1074 3889 1221 3945 ostendere
1243 3889 1318 3958 vult,
1342 3888 1372 3944 in
1396 3888 1466 3944 hene

296 3979 621 4051 disputatpsententicm:
642 3978 721 4050 „Nor
743 3978 971 4036 Uamerentlr'elres
990 3977 1098 4034 mandet
1114 3978 1239 4049 dapepen
1257 3978 1301 4033 eia
1324 3976 1467 4033 Oichorins
1578 3998 1583 4006 ·

296 4069 330 4125 de
349 4069 472 4140 ferasin
486 4070 538 4126 213
552 4069 615 4126 adn.
630 4072 653 4124 1.
667 4066 873 4124 neocaesarea
884 4067 949 4122 sind
960 4068 1004 4123 die
1016 4066 1193 4123 Ιαταίιιὲνοήον
1205 4065 1465 4137 Ablaa'vendoaqcn,

296 4159 341 4215 dic
358 4161 388 4215 io
406 4159 515 4231 adripere
532 4158 640 4215 Nomen
658 4157 770 4232 Sporeo
787 4156 971 4214 Motatorem
988 4156 1103 4213 labar
1139 4154 1217 4223 Quae
1235 4155 1356 4226 vestigia
1373 4155 1467 4213 Latini

298 4249 471 4322 ientnflnon
497 4249 618 4306 inveniri
645 4249 700 4306 nisi
721 4249 751 4304 in
774 4247 815 4304 eia
833 4246 929 4317 fastis,
958 4262 1026 4316 qnos
1050 4245 1133 4303 debet
1155 4244 1291 4303 Diodorus
1316 4246 1466 4302 recentiori

296 4339 382 4408 fonti,
401 4354 485 4409 snpra
502 4338 558 4394 iam
575 4337 703 4396 vidimus.

390 4428 413 4501 ⁸)
431 4427 503 4485 Vell.
521 4428 537 4483 I
555 4429 591 4483 14
603 4428 699 4484 etLiv.
718 4426 826 4483 inlibro
837 4431 915 4482 sexto
930 4425 981 4481 has
993 4430 1166 4481 enumerant:
1187 4422 1310 4479 Sutrium
1327 4423 1374 4494 (ci.
1388 4424 1467 4480 Diod.

297 4519 373 4587 XIV,
387 4519 465 4589 117);
484 4517 623 4573 Satricum
640 4516 712 4587 (Liv.
725 4518 773 4585 VI,
786 4517 829 4583 16,
843 4518 884 4570 22.
912 4513 992 4571 Diod.
1005 4513 1071 4570 XIV
1085 4517 1148 4586 102)
1160 4513 1267 4583 Nepete
1281 4513 1350 4584 (Iir.
1361 4513 1402 4569 VI
1413 4514 1467 4584 al.)

300 4608 376 4665 Setis
394 4607 464 4681 (Idv.
483 4607 532 4678 VI,
550 4607 603 4679 30).
