3366 5052
738 297 953 357 ‚75-

349 472 411 544 IV.
428 470 572 540 Diodoro
588 469 723 540 auctore
745 471 838 540 iussu
852 471 984 539 Romuli
999 471 1093 561 (κατὰ
1116 470 1152 538 τὸ
1166 472 1349 556 πρὸςταγμα
1373 475 1429 537 τοῦ

260 580 423 664 βασιλέως)
454 579 577 647 Remus
608 577 757 647 Celerem
792 577 931 664 occidit,
969 579 1021 647 ita
1054 583 1093 647 ut
1124 580 1282 649 Romulus
1312 586 1429 649 auctor
1518 567 1521 571 ’

261 685 396 754 sceleris
430 703 504 754 esse
538 683 701 756 videatur.
762 687 804 755 In
837 686 992 772 Dionysii
1029 687 1220 756 narratione
1254 688 1295 756 de
1333 688 1430 772 culpa

260 793 392 861 Romuli
422 793 470 861 nil
501 797 710 862 memoratur.
764 793 833 864 Sua
864 798 981 879 sponte
1014 793 1110 864 (leler
1140 799 1232 863 rutro
1266 794 1429 879 pastorali

261 898 340 969 ferit
374 899 512 968 Remum
545 899 739 969 illudentem
773 898 935 968 infirmam
971 905 1007 969 et
1040 900 1171 969 inanem
1206 901 1428 970 munitionem.

261 1007 477 1076 Plutarchum
500 1026 628 1092 quoque
649 1007 684 1075 in
707 1007 799 1076 fonte
823 1026 882 1076 suc
906 1008 947 1076 de
971 1006 1068 1093 culpa
1083 1008 1215 1076 Romuli
1236 1008 1284 1075 nil
1305 1008 1429 1095 legisse

260 1114 335 1183 inde
359 1119 501 1199 apparet
523 1116 609 1199 quod
631 1113 730 1184 Celer
752 1115 856 1184 Remo
884 1114 1063 1208 interfecto
1091 1117 1260 1184 exulatum
1291 1117 1364 1184 abit
1394 1115 1429 1182 in

262 1221 432 1292 Etrmiam
454 1239 570 1306 nempe
592 1225 631 1290 ut
653 1221 776 1308 flegItii
799 1222 937 1310 effugiat
959 1241 1108 1309 poenam.

349 1330 555 1418 Quaeramus
576 1346 664 1398 nuuc
686 1328 765 1413 quil
787 1330 953 1400 discamus
976 1329 1264 1414 eccmparatione.
1311 1331 1429 1400 Nonne

259 1435 471 1506 menifestum
494 1441 548 1506 cst
570 1435 764 1522 Dionysium
794 1441 831 1506 et
852 1437 1033 1506 Diodorum
1061 1457 1126 1506 uon
1153 1438 1291 1506 cundem
1314 1438 1428 1522 despo-

259 1543 361 1613 elisae
398 1543 544 1614 fontem?
600 1545 674 1612 Iam
708 1545 804 1612 multi
838 1544 1020 1614 docuemnt
1053 1545 1118 1614 viri
1152 1545 1242 1613 docti
1271 1563 1313 1612 ea
1343 1563 1428 1629 quae

258 1651 393 1721 exhibet
416 1652 456 1719 de
480 1651 606 1720 Oeleris
629 1651 776 1720 facinore
800 1652 1012 1737 Dionysium,
1040 1651 1177 1724 Valerio
1206 1651 1343 1721 Antiati
1373 1652 1427 1720 de-

259 1758 396 1844 bene.⁷⁸)
431 1758 564 1827 Nititur
585 1777 664 1829 vero
687 1760 770 1827 haec
793 1759 936 1844 auspicio
959 1759 1182 1828 fundamentis
1205 1759 1304 1828 valde
1326 1759 1426 1845 fragi-

258 1865 354 1934 libus.
401 1866 558 1952 Legimus
593 1866 679 1934 enim
711 1866 798 1950 apud
829 1867 1024 1953 Dionysium
1057 1868 1117 1936 ΙΠ
1150 1872 1207 1932 13;
1239 1863 1364 1944 ,ὄνομα
1395 1870 1427 1931 oe

257 1971 366 2039 κοινὸν
397 1967 484 2038 οὗτοι
512 1974 640 2060 (cohors
664 1991 709 2042 su.
734 1974 904 2058 praetoria
932 1973 1109 2059 equestris)
1138 1976 1277 2056 Κελέριοι
1300 1970 1344 2050 ὠς
1369 1977 1428 2050 μὲν

258 2084 288 2146 ul
317 2086 443 2158 πλείους
473 2079 658 2164 γράφουσιν,
689 2081 737 2146 ἐπὶ
768 2083 823 2163 τῆς
850 2081 1002 2163 ὀξύτητος
1028 2087 1094 2146 τῶν
1116 2077 1303 2163 ὑπηρεσιῶν,
1327 2077 1371 2158 ὥς
1394 2085 1427 2145 δὲ

257 2187 460 2271 Οὐαλέριος
490 2185 508 2252 ὁ
539 2185 701 2266 Ἀντιεύς
731 2205 824 2270 φησιν
854 2191 902 2254 ἐπὶ
932 2195 992 2254 τοῦ
1021 2185 1174 2270 ἡγεμόνος
1203 2184 1310 2253 αὐτῶν
1338 2187 1425 2252 τοῦτ’

256 2294 387 2376 ἔχοντος
421 2291 554 2373 tuocum
613 2295 722 2376 (Prior
760 2295 961 2383 etymologia
994 2295 1163 2365 invenitur
1200 2295 1323 2364 eisdem
1356 2296 1426 2364 fere

256 2402 366 2472 verbis
398 2402 486 2487 apud
513 2402 602 2472 Plut.
627 2402 721 2471 Rom.
747 2408 799 2470 26.
830 2395 931 2484 »ἦσαν
958 2407 992 2468 δὲ
1019 2409 1088 2487 περὶ
1118 2399 1219 2469 αὐτὸν
1248 2407 1314 2467 τῶν
1344 2404 1426 2472 νέων

256 2513 286 2574 ot
315 2510 503 2588 καλούμενοι
535 2512 662 2592 Κέλερες
692 2505 755 2574 ἀπὸ
785 2516 838 2592 τῆς
867 2515 936 2594 περὶ
964 2509 1019 2588 τὰς
1048 2507 1221 2594 ὑπουργίας
1251 2507 1424 2594 ὀξύτητος).

256 2617 334 2686 Huc
356 2616 505 2686 relcruut
528 2613 702 2703 Kiessling
725 2616 785 2685 alii

361 2722 437 2780 Serv.
454 2723 491 2778 ad
509 2723 576 2780 Aen.
594 2721 705 2791 mooe
1012 2721 1121 2780 Festus.
1140 2739 1166 2793 y.
1185 2724 1220 2778 ht
1237 2721 1275 2780 M.

292 2827 359 2881 quos
372 2810 647 2883 celereaeyycllarit
660 2811 811 2869 velacele·
903 2811 1015 2869 celeres
1052 2810 1159 2882 antiqui
1192 2811 1320 2868 dixerunt
1358 2827 1426 2881 quos

254 2902 340 2960 ritate
358 2901 404 2959 vel
417 2902 514 2958 alnoo
528 2901 633 2970 Celare,
651 2899 698 2970 qui
711 2901 813 2960 dicitur
866 2916 938 2958 nunc
962 2900 1071 2970 equites
1095 2899 1211 2958 dicium
1235 2899 1366 2956 acelerc
1384 2899 1425 2955 in·

254 2991 371 3049 Remum
397 2989 539 3059 occidisse,
558 2991 587 3046 in
605 2989 684 3046 cuius
701 2991 812 3061 gratiae
867 2991 1019 3049 terfectorc
1032 2989 1121 3059 Remi,
1136 2989 1183 3060 qui
1192 2989 1271 3048 initio
1283 2988 1424 3046 aRomulo

253 3081 342 3139 ricem
358 3079 501 3137 aRomulo
517 3078 579 3136 fieri
596 3079 724 3137 tribunus
741 3081 812 3136 mili·
867 3079 908 3137 eis
926 3078 1102 3153 praepositus
1120 3083 1189 3138 orat.

253 3174 314 3226 tum
331 3168 440 3226 meruit.

254 3261 415 3344 simulque
446 3258 644 3328 concludunt
669 3259 824 3347 Dionysii
848 3259 1075 3328 narrationem
1100 3259 1130 3346 Ι,
1155 3265 1195 3326 87
1228 3258 1271 3326 ad
1296 3258 1427 3330 Valerii

174 3455 175 3460 ρ
255 3366 363 3436 redim
391 3366 638 3437 auctoritatem.
689 3363 741 3436 At
767 3366 948 3452 Dionysius
975 3366 1024 3452 Π,
1056 3371 1096 3432 13
1122 3386 1165 3435 ne
1195 3368 1426 3434 commemoret

255 3475 384 3559 quidem
408 3473 557 3543 Oclerem
579 3473 681 3558 illum,
710 3492 732 3541 a
759 3492 823 3559 quo
846 3472 975 3558 equites
998 3473 1159 3560 praetorii
1185 3492 1303 3543 nomen
1330 3473 1425 3542 duoe-

253 3583 347 3668 bent‚
365 3585 507 3654 Remum
530 3580 701 3660 occidisse,
725 3599 798 3650 cum
820 3580 907 3650 idem
922 3581 1103 3670 Dionysius
1125 3581 1155 3658 I,
1181 3585 1233 3666 87,
1257 3579 1314 3650 uhi
1328 3580 1426 3649 Remi

253 3708 340 3758 mors
363 3693 532 3770 narratur,
549 3689 674 3758 nullam
696 3687 785 3758 illius
809 3689 1030 3777 etymologiae
1046 3688 1152 3758 iaciat
1167 3685 1423 3774 mentioncm⁷⁹).

344 3848 379 3920 ⁷⁸)
397 3863 421 3905 e.
433 3865 462 3920 g.
474 3847 612 3919 hiehmdt
631 3848 684 3920 „cla
697 3847 808 3906 Valerio
821 3848 955 3908 Antiate“
973 3867 1001 3922 y.
1019 3849 1060 3908 20.
1074 3847 1216 3920 Kiesahng
1233 3849 1285 3919 „de
1302 3845 1425 3904 fontibus

252 3937 366 4008 Dionys.
378 3937 487 3995 Halic.“
505 3954 531 4010 y.
546 3941 588 3997 22.
606 3937 836 4008 Peter„Qoellco
848 3936 999 3996 Plutarcho
1011 3955 1039 3995 u.
1051 3955 1075 3996 r.
1087 3941 1137 3996 ru‘t
1156 3956 1183 4009 y.
1204 3940 1263 3995 1⁶2.
1284 3937 1425 3994 cellmaun

252 4026 272 4084 l.
289 4028 308 4086 l.
326 4044 353 4100 p.
371 4029 415 4084 42.

345 4116 379 4190 79)
398 4115 558 4174 Temeraria
589 4115 1040 4188 auspicaturPeterl.l.y.158
1067 4117 1248 4174 Plutarchum
1275 4133 1321 4186 ea,
1354 4132 1424 4185 quae

253 4205 288 4262 cle
315 4203 412 4262 (telone
443 4193 596 4261 narrationi
625 4204 765 4276 innexuit,
797 4222 831 4263 ex
857 4205 971 4264 Antiate
998 4205 1148 4263 derivasse.
1194 4205 1264 4263 llam
1292 4221 1325 4262 ea
1353 4221 1424 4275 quae

254 4293 422 4352 Plutarchus
440 4294 524 4351 locet
536 4294 569 4350 do
582 4295 692 4351 nomine
710 4293 884 4366 „Oelcrum“:
902 4293 968 4354 ,ἀπ’
988 4295 1090 4348 halece
1107 4294 1172 4352 ecclc
1189 4308 1277 4361 cayeu
1294 4300 1339 4347 nal
1358 4294 1424 4355 ὀξεῖς

253 4380 374 4457 Κέλεραε
392 4383 591 4454 ὀνομάζουσιν(
610 4385 646 4440 ccl
664 4383 747 4440 aliem
765 4388 895 4456 spectant
912 4384 1110 4457 etymologiam
1126 4391 1210 4454 atque
1221 4383 1348 4454 Dionysii
1361 4383 1422 4439 doc·

255 4473 332 4530 trina
348 4471 388 4540 H,
408 4475 449 4530 12.
481 4474 513 4529 ln
525 4472 566 4530 Pl.
579 4472 657 4529 Rom.
677 4489 699 4530 c.
720 4475 754 4530 10
773 4474 806 4530 dc
826 4472 965 4543 equitibus
983 4477 1014 4530 et
1032 4474 1066 4530 ie
1084 4473 1191 4543 celere,
1210 4474 1333 4543 equitum
1353 4473 1422 4529 luce

255 4579 291 4620 ne
304 4577 395 4620 nermo
410 4562 519 4633 quinem
532 4567 583 4621 eat.
611 4562 704 4620 Prona
717 4577 783 4621 sane
796 4567 841 4620 eet
853 4561 1013 4622 coniectura
1025 4563 1204 4622 Plutarchum
1217 4561 1421 4636 etymologiam,
