3366 5052
761 307 977 364 ,56-

286 480 425 547 tesimus
447 478 623 548 vicesimus
647 482 784 559 quamus
807 479 908 544 cadat
932 478 967 544 in
989 495 1126 562 regnum
1147 476 1321 562 Agrippae
1345 476 1452 561 Sylvii

286 584 354 652 illis
382 585 448 652 iem
476 585 744 669 temporibus-
766 585 838 652 dico
863 586 1003 652 alterum
1027 605 1057 652 a.
1082 584 1141 652 Oh.
1165 605 1197 652 n.
1222 583 1389 652 saeculum
1412 619 1454 629 -

289 693 444 777 colligere
474 712 644 775 possumus
675 691 777 760 fnisse
807 692 996 777 catalogum
1030 693 1191 775 quendam
1224 690 1455 774 peruulgatum

286 819 400 885 regum
427 797 632 876 Albanorum
662 799 801 866 similem
831 799 879 866 eis
910 818 990 880 quos
1017 799 1181 866 Diodorus
1211 800 1247 863 et
1275 793 1455 879 Dionysius

286 906 426 975 tradunt
453 904 684 987 memoriaeiil.
731 905 857 973 Contra
879 906 1034 990 Dionysii
1061 911 1096 972 et
1119 903 1256 972 Diodori
1283 903 1455 985 catalogos

287 1013 377 1097 ipsos
405 1013 620 1080 recentiorem
643 1011 789 1078 indicare
813 1011 985 1096 originem,
1014 1012 1156 1080 dilucide
1179 1012 1320 1094 apparet
1344 1027 1386 1075 ex
1409 1007 1457 1076 eis

290 1138 375 1202 quae
413 1118 457 1186 ad
489 1119 653 1186 Juliorum
692 1119 921 1186 celebrandam
958 1118 1118 1186 familiam
1155 1115 1342 1186 narrationi
1380 1119 1458 1182 suut

288 1224 449 1292 immixta.
484 1226 518 1293 N
520 1246 573 1293 am
593 1229 730 1306 uterque
746 1229 781 1292 et
796 1225 960 1294 Diodorus
977 1231 1012 1294 et
1027 1225 1205 1309 Dionysius
1228 1225 1248 1290 I
1266 1229 1305 1288 70
1323 1227 1457 1289 consen·

287 1333 414 1400 tientes
437 1331 507 1400 fere
527 1333 616 1400 inter
638 1353 675 1400 se
690 1332 837 1400 Ascanio
861 1337 989 1400 mortuo
1012 1334 1154 1417 produnt
1175 1331 1270 1398 litem
1293 1329 1459 1406 exarsisse

183 1527 186 1532 y
291 1440 382 1506 iuter
404 1438 545 1507 Ascanii
566 1440 677 1521 filiurn,
701 1440 757 1522 qni
780 1437 977 1524 aDionysio
1000 1442 1022 1507 1.
1038 1440 1059 1506 l.
1077 1440 1185 1523 Julus,
1209 1437 1320 1505 Julius
1344 1435 1459 1502 aDio·

289 1546 367 1613 doro
402 1546 604 1629 appellatur,
640 1550 675 1614 et
707 1545 856 1630 Sylvium
886 1546 1025 1614 Aeneae
1054 1546 1170 1629 filium,
1206 1544 1317 1628 populi
1347 1550 1460 1611 autem

289 1653 456 1738 suffragiis
480 1655 574 1721 hunc,
588 1653 745 1736 adeptum
767 1673 841 1720 esse
863 1673 1008 1738 regnum,
1031 1654 1124 1721 illum
1146 1651 1333 1736 pontificem
1356 1650 1459 1718 maxi·

289 1781 377 1833 mum
411 1760 629 1828 constitutum
663 1763 699 1828 et
732 1759 802 1827 iere
837 1762 1013 1828 secuudum
1046 1780 1159 1846 regem
1193 1779 1267 1829 esse
1298 1757 1457 1830 habitum.

290 1868 346 1938 Sic
379 1873 497 1935 narrat
531 1867 712 1951 Diodorus,
751 1886 772 1933 a
808 1886 871 1948 quo
905 1867 941 1934 iu
977 1868 1093 1950 paucis
1131 1870 1264 1934 tantum
1302 1864 1460 1932 dissentit

288 1974 469 2059 Dionysius
496 1974 518 2040 l.
542 1974 564 2040 l.
622 1973 717 2060 Quae
750 1972 864 2041 fabula
897 1974 1025 2041 inserta
1064 1978 1117 2041 est
1148 1973 1300 2040 nimirum
1333 1971 1461 2038 Julium

291 2082 471 2150 Gaesarem
499 2080 656 2148 adulandi
686 2099 802 2163 cansa,
842 2080 895 2148 cui
927 2100 1012 2148 anno
1045 2088 1106 2146 691
1136 2079 1301 2164 pontificis
1327 2077 1461 2146 maximi

290 2179 405 2257 munus
433 2191 486 2256 est
515 2189 661 2255 delatum
689 2187 743 2272 (cf.
768 2189 949 2256 Mommsen
972 2188 1048 2281 ¹(ihr.
1072 2189 1114 2255 R.
1142 2193 1215 2254 160.
1238 2187 1280 2254 R.
1305 2187 1343 2252 F.
1367 2187 1407 2253 H
1429 2206 1460 2270 p.

293 2302 356 2360 267
382 2295 457 2361 adn.
482 2301 539 2373 613
566 2293 746 2377 Holzapiel
769 2294 845 2363 Ohr.
861 2295 903 2362 R.
920 2316 951 2379 p.
970 2302 1044 2360 261.
1073 2294 1246 2363 Oollmann
1268 2294 1291 2361 l.
1307 2292 1329 2359 1.
1353 2313 1383 2376 p.
1409 2299 1459 2357 38.

290 2404 500 2470 Bornemann
524 2401 545 2466 l.
569 2401 592 2465 l.
616 2421 647 2483 p.
674 2401 715 2486 9).

380 2505 540 2574 Exoritur
550 2526 636 2575 nunc
649 2509 799 2590 quaestio
813 2529 831 2576 e
844 2530 906 2592 quo
920 2513 1055 2578 auctore
1063 2513 1234 2577 mutuatus
1243 2508 1289 2576 sit
1297 2507 1462 2574 Diodorus

290 2613 490 2702 tabulam⁶⁴)
506 2633 619 2700 regum
634 2614 848 2685 Albanorum.
885 2618 922 2688 Si
938 2618 1053 2686 Servio
1075 2616 1246 2699 credimus,
1268 2614 1385 2685 Livius
1400 2616 1429 2690 I,
1443 2621 1462 2678 3

291 2721 705 2807 inenumerandisregibus
713 2721 919 2791 Albanorum
928 2728 1062 2792 secutus
1070 2719 1356 2789 estAlexandrum
1364 2721 1462 2804 Poly·

292 2828 451 2896 historem
460 2829 573 2897 Sullae
584 2829 750 2898 libertum.
774 2831 827 2898 Ne
837 2831 1015 2898 Diodorum
1027 2828 1165 2896 eundem
1176 2833 1328 2912 putemus
1340 2828 1463 2896 adiisse

292 2935 431 3019 fontem,
455 2935 662 3020 impedimur,
693 2942 730 3004 ut
758 2941 851 3005 recte
873 2935 1041 3004 intellexit
1065 2937 1239 3005 (lollmenn
1261 2936 1282 3001 l.
1307 2937 1330 3002 l.
1353 2956 1384 3018 p.
1410 2942 1462 3001 38.

293 3041 405 3112 verbis
428 3041 510 3124 ipsis
533 3043 651 3112 Servii.
697 3045 786 3112 Nam
810 3044 925 3113 Servio
948 3047 1039 3112 teste
1054 3045 1076 3111 l.
1093 3045 1115 3110 l.
1132 3043 1326 3111 Alexander
1347 3062 1464 3110 narra·

292 3152 392 3219 verat
415 3148 621 3217 Tiberinum
644 3156 821 3220 venantem
844 3151 998 3218 fiuctibus
1022 3171 1095 3219 esse
1118 3154 1270 3219 obrutum
1286 3151 1356 3217 eius
1371 3150 1464 3219 fluvii

294 3256 350 3341 qni
381 3257 424 3324 ab
453 3274 491 3322 eo
515 3255 656 3338 Thybris
688 3264 742 3326 est
770 3260 974 3342 appellatus;
1009 3263 1128 3326 contra
1154 3251 1331 3326 Diodorus
1347 3257 1465 3325 scribit

294 3363 475 3431 Tiberium
506 3363 667 3431 adversus
697 3366 859 3433 Etruscos
890 3366 1084 3450 bellantem,
1126 3385 1197 3432 cum
1227 3364 1465 3432 transflumen

293 3470 407 3553 copias
430 3469 628 3554 traduxerit,
653 3472 785 3556 gurgite
809 3472 940 3541 obiisse.
988 3474 1082 3560 Quae
1106 3492 1178 3540 cnm
1200 3472 1251 3538 ita
1272 3471 1351 3556 sint,
1374 3472 1465 3537 nullo

294 3577 388 3643 modo
410 3577 482 3644 fieri
505 3578 633 3660 potest,
665 3581 703 3642 ut
732 3577 871 3646 Diodori
898 3578 1104 3646 Albanorum
1133 3598 1249 3663 regum
1278 3577 1378 3644 index
1407 3577 1465 3644 flu-

386 3751 422 3823 ω)
441 3753 575 3809 Minorem
593 3752 650 3808 uim
660 3767 750 3832 guam
768 3753 916 3825 Holaapfel
934 3755 1059 3811 attribuo
1078 3755 1221 3811 Plutarchi
1238 3755 1331 3812 verbis
1349 3755 1466 3812 inuitae

293 3841 405 3898 Romuli
423 3857 482 3911 cap.
501 3843 518 3895 3
538 3845 612 3913 „univ
634 3840 684 3894 ἀπ)
705 3843 840 3893 Αἰνείου
858 3844 1050 3913 γεγονότων
1074 3846 1109 3896 ἐν
1121 3843 1219 3912 Ἄλβῃ
1241 3842 1409 3913 βασιλέων
1430 3848 1467 3901 εἰς

293 3928 424 4001 ἀδελφοὺς
443 3927 491 3981 δύο
510 3931 657 4004 Νομήτορα
676 3935 720 3982 καὶ
759 3930 898 3997 'hircaniam‘
915 3934 931 4000 ἡ
951 3931 1058 4002 διαδοχὴ
1076 3933 1222 4000 καθῆκεν,“
1256 3933 1316 4000 Qua
1333 3935 1363 3990 in
1385 3939 1466 4004 porte

297 4036 358 4076 cunr
377 4020 543 4075 Plutarchus
561 4020 642 4076 Fabii
660 4019 804 4076 annalibus
816 4036 883 4078 usus
897 4022 942 4091 sit,
957 4024 1114 4094 suspicatur
1124 4024 1272 4094 Holxapiel
1283 4024 1339 4079 iam
1351 4024 1466 4080 Fabium

296 4109 458 4180 praebuisse
477 4124 575 4179 regum
593 4110 762 4166 Albanorum
779 4109 905 4168 indicem.
943 4113 1029 4184 Fugit
1047 4117 1140 4168 autem
1158 4113 1248 4170 uirum
1267 4113 1377 4168 doctum
1401 4114 1466 4169 Plu·

296 4199 423 4254 tarchum
441 4199 471 4254 in
490 4198 585 4254 eadem
603 4199 772 4284 narrationis
790 4204 870 4270 parte
889 4217 944 4257 non
963 4203 1051 4258 colum
1062 4201 1187 4272 Fabium,
1207 4202 1256 4258 scd
1268 4201 1354 4258 ctiam
1365 4202 1466 4258 Varro·

296 4303 359 4344 nem
378 4293 407 4343 et
425 4288 524 4344 anum
543 4302 700 4358 usurpasse.

387 4375 424 4448 ⁶⁴)
445 4375 610 4448 Catulogum
627 4376 814 4435 Eusebianum
832 4379 885 4436 vol.
904 4379 927 4435 I.
946 4396 972 4450 p.
992 4381 1045 4437 289
1063 4395 1117 4434 non
1135 4379 1247 4436 fluxism
1266 4395 1281 4435 e
1299 4379 1414 4436 Diodori
1425 4379 1465 4435 bi·

248 4455 249 4462 *
297 4465 435 4524 bliotheca
457 4466 514 4524 ium
541 4468 758 4524 demonstratum
783 4474 827 4526 est
844 4485 862 4525 a
880 4467 1039 4526 (iollmanno
1064 4469 1082 4525 l.
1104 4469 1123 4526 1.
1141 4487 1167 4539 p.
1193 4468 1272 4540 aulae
1296 4475 1326 4525 et
1350 4469 1465 4526 Gclzero

298 4555 375 4614 Sext.
394 4556 450 4614 Jul.
468 4555 557 4616 Afric.
575 4557 604 4614 Π
620 4572 647 4629 p.
666 4557 710 4614 85.
