3366 5052
730 287 951 345 ...73-

257 459 455 543 Tarquinius
479 459 596 527 statim
620 456 709 547 (ἅμα)
733 459 767 528 in
791 457 940 529 Servium
970 458 1067 525 irruit
1095 459 1247 543 senisque
1275 478 1423 528 manum

257 567 505 653 apprehendens
520 573 595 649 (non
618 567 781 634 medium
805 566 925 650 arripit
948 565 1113 653 Seruium)
1138 587 1156 634 e
1186 568 1277 636 curia
1305 569 1422 637 trahit.

255 675 355 760 Apud
367 674 545 743 Diodorum
561 674 697 743 Servius
720 673 767 741 nil
791 673 873 741 dicit
886 673 950 740 nisi
971 679 1034 751 ητις
1057 671 1224 760 protom,
1251 693 1334 758 quae
1351 695 1423 744 uer-

255 784 299 850 ba
324 782 447 867 optime
470 783 678 867 excipiuntur
713 780 762 849 eis
796 800 881 864 quae
907 783 1092 867 ‘respondet
1124 782 1290 866 Superbus
1325 780 1362 866 „lp
1386 782 1423 864 σὴ

256 888 355 967 τόλμα
377 893 465 958 κτα.“

345 1014 439 1101 Quae
462 1015 491 1084 si
512 1016 618 1084 animo
634 1013 911 1100 perpenderimus,
936 1017 1096 1101 cognatos
1118 1033 1332 1100 agnoscemus
1356 1014 1423 1082 fon·

255 1126 318 1208 tes,
344 1143 408 1191 non
432 1123 577 1192 eundem.
613 1121 755 1190 Fabium
770 1140 970 1190 communem
984 1122 1131 1207 Diodori,
1154 1123 1317 1207 Dionysii,
1334 1123 1425 1192 Livii

256 1234 425 1300 auctorem
448 1231 550 1299 fuisse
573 1230 630 1301 uix
653 1229 856 1298 crediderim.

658 1434 686 1494 9.
711 1425 785 1493 Lib.
810 1426 902 1497 VHI
923 1425 964 1525 fr.
992 1434 1021 1490 5.

342 1556 418 1623 Hoc
442 1573 539 1622 unum
569 1572 611 1620 ex
641 1553 689 1620 eis
718 1570 803 1636 quae
825 1555 958 1620 restant
981 1551 1179 1638 fragmentis
1210 1557 1263 1621 est
1291 1552 1425 1640 dignum

254 1663 289 1733 in
315 1664 401 1747 quod
431 1659 620 1730 accuratius
652 1659 863 1744 inquiramus.
910 1663 1097 1727 Narrantur
1119 1661 1278 1729 Romulus
1302 1665 1337 1728 et
1359 1664 1425 1730 Re-

255 1790 325 1839 mus
349 1789 429 1839 aves
461 1771 677 1837 observantes
709 1767 742 1833 in
772 1765 879 1850 priore
909 1766 1091 1851 fragmenti
1121 1773 1233 1851 parte,
1258 1767 1293 1835 in
1316 1769 1426 1836 altera

256 1896 418 1945 murorum
442 1874 630 1943 aedificatio
661 1877 696 1941 ot
723 1874 821 1941 Remi
850 1893 936 1940 mors
965 1873 1204 1948 describuntur.
1253 1875 1426 1944 Gollmann

257 2005 287 2068 p.
304 1991 345 2050 43
360 1984 552 2051 enucleasse
576 1981 640 2050 sibi
662 1981 753 2050 uisus
775 1985 827 2048 est
843 1981 1023 2048 Diodorum
1040 1981 1127 2048 sicut
1143 1982 1226 2050 alios
1242 1985 1426 2067 prodidisse

253 2095 392 2161 Remum
427 2111 447 2158 a
478 2089 616 2158 Romulo
648 2089 754 2156 fratre
792 2088 949 2173 auspiciis
981 2107 1054 2156 esse
1085 2088 1266 2172 deceptum.
1322 2092 1427 2178 Quem

254 2217 384 2268 sensum
411 2202 449 2265 ut
478 2217 495 2265 e
517 2197 626 2282 priore
654 2195 836 2282 fragmenti
858 2199 969 2280 parte,
995 2215 1079 2277 quae
1103 2196 1282 2265 miserrime
1306 2204 1358 2267 est
1380 2199 1426 2266 la-

255 2326 386 2383 cunosa,
411 2307 678 2390 interpretemur,
703 2308 836 2371 tantum
860 2305 958 2372 abest
981 2308 1019 2371 ut
1043 2309 1159 2372 contra
1182 2306 1230 2372 eis
1251 2326 1336 2389 quae
1351 2326 1425 2374 con·

255 2415 429 2483 tinuantur
460 2412 570 2483 uerbis
612 2412 648 2479 in
683 2411 884 2480 contrariam
918 2411 1075 2479 ducamur
1109 2412 1319 2485 sententiam.
1372 2413 1427 2483 Sic

255 2521 341 2590 enim
364 2519 574 2605 progreditur
598 2519 719 2586 oratio:
754 2515 792 2602 „d
817 2521 850 2582 dd
879 2515 985 2594 ‘Psuog
1014 2520 1137 2600 βαρέως
1167 2523 1274 2601 φέρων
1304 2523 1352 2585 ἐπὶ
1379 2529 1426 2607 τῷ

254 2627 476 2707 dissocietur
499 2635 564 2692 τῶν
586 2631 751 2708 πρωτείων
774 2635 860 2689 κτα.“
897 2624 1015 2707 Neque
1038 2625 1141 2693 etiam
1160 2626 1275 2696 Livius
1296 2629 1325 2713 I,
1344 2635 1360 2693 7
1385 2628 1426 2695 de

254 2735 371 2803 fraude
394 2735 567 2818 quicquam
591 2725 707 2801 tradit.
754 2733 796 2800 In
818 2731 993 2800 Plutarchi
1016 2752 1095 2802 vero
1118 2734 1212 2801 Rom.
1237 2735 1330 2803 vitae
1353 2756 1380 2803 c.
1407 2743 1424 2800 9

255 2849 290 2911 et
320 2850 360 2907 10
385 2843 505 2927 duplex
535 2841 690 2916 memoria
716 2825 816 2906 vfacile
843 2844 956 2923 potest
984 2839 1135 2908 discerni.
1182 2840 1264 2908 Oum
1291 2842 1426 2909 Plutar-

257 2952 337 3018 chus
360 2969 414 3018 res
438 2949 616 3018 historicas
639 2967 741 3031 usqne
773 2948 816 3015 ad
838 2932 943 3014 finem
959 2966 987 3013 c.
1013 2954 1031 3011 8
1056 2967 1092 3014 se
1120 2949 1297 3032 sumpsisse
1320 2969 1338 3016 e
1361 2951 1425 3016 Pa·
1498 2985 1500 2990 ·

255 3059 310 3126 bio
342 3058 413 3142 ipse
437 3057 607 3140 concedat,
633 3057 774 3123 alteram
799 3075 817 3122 e
840 3053 962 3138 duplici
985 3054 1141 3122 memoria
1172 3073 1256 3139 quae
1286 3060 1426 3142 apparet

255 3165 421 3250 capitibus
448 3163 709 3245 succedentibus,
733 3162 919 3230 Fabianam
942 3180 1015 3230 esse
1039 3162 1217 3233 uerisimile
1241 3168 1308 3249 est,
1331 3184 1426 3249 prae-

255 3273 371 3342 sertim
401 3292 474 3340 cum
504 3272 706 3340 Plutarchus
736 3270 803 3338 iam
833 3270 968 3337 ineunte
999 3289 1070 3354 cap.
1106 3276 1145 3335 14
1177 3270 1282 3339 denuo
1311 3270 1427 3339 laudet

255 3380 355 3448 Fabii
395 3378 589 3460 annales⁷⁷).
636 3379 678 3446 In
701 3379 811 3462 capite
836 3385 854 3440 9
884 3395 1065 3463 congruens
1089 3398 1162 3446 cum
1185 3377 1282 3447 Livio
1309 3382 1426 3446 namet

255 3489 359 3555 Remo
384 3506 451 3571 sex,
468 3487 607 3554 Romulo
630 3484 792 3570 duplicem
807 3503 976 3552 numerum
995 3485 1161 3570 vulturum
1177 3505 1213 3554 se
1229 3485 1425 3554 ostendisse.

257 3593 319 3662 Oui
346 3594 508 3663 historiae
531 3593 683 3662 adnectit
713 3591 815 3661 aliam
848 3591 1037 3661 memoriam
1071 3593 1122 3662 his
1149 3591 1274 3662 uerbis:
1310 3596 1363 3672 „ot
1393 3597 1426 3657 οὲ

257 3698 316 3766 τὸν
328 3705 386 3780 μὲν
397 3701 518 3780 Ῥῶμον
534 3699 661 3784 ἀληθῶς
676 3705 763 3780 ἰδεῖν,
780 3700 954 3780 ψεύσασθαι
970 3704 1003 3765 dd
1018 3698 1077 3766 τὸν
1086 3698 1258 3778 Ῥώμνλον,
1274 3699 1427 3774 ἐλθόντος

256 3813 290 3873 δὲ
314 3817 373 3873 τοῦ
395 3807 520 3887 Ῥώμου
542 3810 615 3874 τότε
637 3805 711 3885 τοὺς
738 3806 859 3872 δώδεκα
887 3811 933 3894 τῷ
954 3805 1106 3895 Ῥωμύλῳ
1134 3809 1301 3888 φανῆναι“.
1347 3806 1425 3893 Qui-

255 3917 389 3984 buscum
421 3917 620 3986 conveniunt
652 3934 692 3982 ea
722 3934 806 3998 quae
837 3913 943 3982 fusius
974 3915 1085 3999 prodit
1117 3914 1296 3999 Dionysius
1320 3914 1355 3998 I,
1382 3921 1422 3977 86

256 4024 497 4111 Progredisnte
519 4044 597 4094 vero
619 4020 811 4092 narratione
836 4042 908 4091 eam
932 4022 1123 4108 comprobat
1145 4021 1332 4090 memoriam
1347 4021 1425 4088 Plu·

256 4133 392 4200 tarchus
421 4151 486 4215 qua
510 4133 671 4200 Remusa
694 4131 834 4198 Romulo
857 4129 1013 4215 deceptus
1036 4129 1182 4199 videtur:
1205 4131 1290 4207 „suat
1313 4125 1425 4208 dt'yoo

256 4241 313 4320 τήν
344 4239 491 4319 ἀπάτην
522 4238 540 4304 ὁ
569 4237 718 4315 Ῥῶμος“.
764 4240 841 4306 Hoc
867 4256 994 4321 quoque
1021 4242 1122 4320 caput
1148 4256 1167 4304 e
1191 4238 1314 4303 duobus
1337 4235 1426 4302 inter

256 4366 292 4415 ss
321 4345 460 4415 diuersis
488 4344 636 4414 fontibus
663 4365 727 4413 non
751 4347 836 4413 satis
859 4345 1004 4413 feliciter
1027 4364 1047 4411 a
1069 4345 1250 4411 Plutarcho
1270 4347 1327 4432 est
1350 4362 1424 4410 oon·

200 4545 202 4550 ’
350 4559 384 4624 77)
403 4559 436 4614 In
454 4558 591 4630 capitibus
612 4561 715 4617 11-13
736 4559 894 4630 antiquaria
911 4559 1069 4618 continetur
1086 4555 1220 4614 doctrina.
1255 4641 1258 4648 ‚
1291 4641 1293 4649 Α
