3366 5052
708 293 926 353 ..57-

230 467 318 536 xerit
342 487 384 534 ex
406 465 608 535 Alexandro.
657 465 871 549 Itaqueiam
906 464 1104 551 cogitabant
1138 465 1203 536 viri
1237 465 1326 534 docti
1359 465 1401 535 de

231 574 372 644 Castore
395 573 657 659 chronographo,
690 572 781 640 cuius
811 573 967 656 inopere
996 573 1222 659 chronologico
1251 573 1401 642 tabulam

230 700 344 767 regum
378 680 585 750 Albanorum
621 699 687 747 non
723 679 867 749 defuisse
902 680 1128 766 cognoscimus
1162 701 1180 748 e
1214 680 1401 766 fragmento

233 792 369 858 servato
393 789 436 856 ab
459 787 605 856 Eusebio
627 788 647 855 I
669 807 701 870 p.
719 793 781 852 295
807 786 841 855 S.
889 786 961 873 Quo
977 807 996 855 e
1011 788 1198 873 fragmento
1217 789 1402 857 rectissime

231 895 394 964 conclusit
417 894 553 979 Gelzer,
578 894 612 963 S.
636 896 670 962 J.
694 893 738 961 Α.
762 895 810 961 Π.
835 915 866 979 p.
892 901 945 970 87,
981 894 1132 963 Castoris
1169 895 1289 963 iudicio
1318 897 1402 964 Bru-

231 1009 302 1072 tum
329 1006 364 1071 et
389 1002 591 1071 Collatinum
622 1020 707 1069 anno
733 1003 979 1081 520,·Romam
1008 1020 1088 1071 vero
1118 1002 1286 1070 conditam
1316 1018 1403 1070 anuo

233 1117 351 1178 1641.
380 1109 440 1178 Oh.
464 1130 497 1177 n.
528 1109 640 1176 fuisse.
709 1110 894 1176 Praeterea
939 1108 1073 1176 Troiam
1118 1113 1252 1193 captam
1292 1109 1404 1194 posuit
1439 1123 1445 1136 ·’

234 1217 357 1287 Oastor
387 1236 474 1284 anno
498 1234 528 1283 a.
562 1213 622 1283 Oh.
645 1235 679 1283 1.
705 1222 789 1280 1133
821 1214 876 1302 (ci.
902 1213 1025 1283 Gelzer
1050 1216 1073 1283 l.
1096 1215 1119 1282 1.
1142 1235 1174 1299 p.
1201 1216 1255 1303 68)
1285 1216 1336 1284 ita
1365 1220 1404 1284 ut

233 1325 321 1392 inter
352 1324 472 1393 Troiae
504 1322 665 1391 excidium
704 1326 739 1391 et
778 1342 898 1391 anuum
935 1321 1036 1411 urbis]
1058 1321 1212 1390 conditae
1235 1326 1404 1392 statueret

231 1431 445 1502 intervallum
468 1449 627 1498 annorum
650 1435 714 1494 429
743 1429 799 1513 qui
841 1428 1016 1513 expiantur
1057 1427 1195 1498 Aeneae
1240 1429 1404 1499 erroribus

233 1542 269 1606 et
291 1539 485 1606 Latinorum
523 1538 662 1623 regibus
720 1536 794 1623 Qua
832 1556 905 1604 cum
942 1536 1131 1605 ratiuncula
1169 1536 1292 1622 optime
1329 1555 1404 1604 con·

232 1645 345 1714 venire
375 1644 555 1712 Diodorum
588 1645 775 1713 luculenter
812 1643 961 1712 ostendit
992 1642 1118 1713 Gelzer
1146 1645 1168 1712 l.
1192 1646 1214 1712 1.
1237 1666 1269 1730 p.
1294 1643 1404 1732 85187.

233 1753 323 1821 Nam
367 1751 453 1819 idem
489 1757 552 1816 429
589 1771 747 1819 annorum
789 1751 1002 1820 intervallum
1035 1751 1205 1822 invenitur
1247 1751 1283 1819 in
1314 1750 1405 1836 frag·

236 1861 358 1938 mento,
383 1860 425 1927 ab
460 1857 604 1927 Eusebio
643 1863 779 1928 servato
813 1858 843 1927 si
876 1878 1035 1927 summam
1072 1858 1211 1927 iacimus
1250 1877 1405 1926 annorum

236 1985 316 2050 quos
345 1965 484 2052 singulis
515 1964 674 2034 attribuit
700 1965 843 2050 regibus.
890 1965 1016 2053 Quibus
1046 1964 1114 2031 1111
1144 1965 1406 2033 demonstratum

232 2079 286 2140 est
316 2073 453 2140 Diodori
484 2073 692 2141 Albanorum
726 2091 841 2158 regum
870 2072 1012 2140 indicem
1041 2071 1150 2139 redire
1180 2072 1223 2139 ad
1254 2071 1405 2140 Castoris

232 2180 472 2266 chronoligioas
495 2180 641 2248 tabulas.
678 2179 745 2248 sed
761 2178 925 2248 accedunt
941 2178 1009 2247 aha
1025 2178 1142 2263 quibus
1158 2198 1404 2257 commovemm·,

234 2292 272 2355 ut
297 2287 470 2356 Castorem
497 2286 636 2356 Diodori
667 2286 770 2355 fuisse
793 2286 918 2353 iontem
949 2304 1151 2355 censeamus.
1183 2286 1406 2356 Observatum

235 2393 371 2464 ostiam
387 2396 429 2462 ab
445 2394 532 2467 aliis,
549 2393 742 2462 Oollmanno
758 2392 918 2477 imprimis
927 2395 947 2456 l.
957 2395 977 2459 l.
987 2414 1019 2478 p.
1030 2400 1082 2479 36,
1099 2393 1273 2462 Castorem
1287 2391 1406 2462 ieiunis

234 2506 269 2568 et
292 2501 433 2569 exilibus
457 2499 697 2585 chronologicis
720 2499 846 2567 tabulis
870 2499 1089 2586 etymologias
1112 2499 1281 2569 innectere
1304 2499 1406 2568 fuisse

233 2609 365 2678 solitum
390 2607 443 2691 (ci.
470 2607 564 2676 (last.
588 2606 675 2692 frag.
694 2607 760 2694 18).
794 2607 842 2674 In
852 2605 991 2674 Diodori
1007 2610 1118 2675 autem
1134 2607 1175 2674 de
1197 2626 1260 2690 quo
1277 2607 1406 2693 agimus

232 2715 419 2802 fragmento
435 2734 500 2782 nou
515 2714 622 2782 minus
638 2731 736 2797 quam
756 2717 827 2781 tres
842 2714 1053 2798 reperiuntur
1068 2713 1346 2800 etymologiae⁶⁶).

320 2822 404 2890 Inde
424 2821 510 2906 quod
532 2820 670 2889 Diodori
693 2820 899 2889 Albanorum
922 2840 1038 2907 regum
1067 2820 1207 2889 indicem
1226 2840 1245 2888 e
1266 2821 1407 2890 Castore
1478 2853 1481 2902 ;

232 2948 386 3000 manasse
408 2949 467 3014 pro
491 2933 583 2997 certo
598 2931 751 3017 statuere
773 2927 854 2996 licet
878 2927 980 2996 etiam
1002 2927 1072 2996 alia
1106 2928 1280 2998 lucramur.
1333 2930 1407 2996 Iam

232 3036 446 3105 manifestum
477 3039 531 3102 est
561 3054 682 3103 annum
713 3034 982 3105 1111111111111
1014 3035 1202 3105 aDiodoro
1232 3037 1408 3122 probatum

234 3143 300 3228 (Ol.
327 3149 356 3227 7,
375 3149 411 3226 23
447 3141 543 3210 annis
577 3146 654 3224 post
685 3141 806 3210 Troiae
839 3141 1025 3211 incendium
1056 3143 1134 3230 433)
1168 3143 1299 3212 minime
1333 3162 1407 3211 111-

233 3270 353 3336 gruere
375 3270 448 3318 cum
464 3248 696 3334 chronologica
718 3250 850 3317 ratione
873 3268 972 3333 qnam
994 3253 1129 3319 secutus
1153 3256 1207 3318 est
1228 3250 1264 3317 11
1279 3268 1408 3319 enume-

233 3357 348 3426 randis
371 3356 506 3441 regibus
527 3355 741 3424 Albanorum.
781 3357 882 3424 Falso
904 3357 1010 3442 igitur
1032 3357 1110 3425 olim
1132 3357 1256 3426 statuit
1271 3359 1408 3426 Momm·

234 3484 294 3534 sen
317 3464 445 3531 iontem
470 3463 513 3531 ad
529 3482 625 3546 quem
639 3462 765 3532 rediret
779 3463 919 3532 Diodori
940 3463 1040 3532 index
1060 3463 1266 3532 Albanorum
1287 3484 1409 3533 anuum

233 3570 324 3638 urbis
346 3570 502 3638 conditae
525 3569 745 3640 constituisse
769 3571 810 3638 ol.
837 3577 866 3652 7,
892 3577 911 3636 2
942 3572 998 3660 (ci.
1021 3573 1202 3642 Mommsen
1226 3571 1285 3640 Oh.
1310 3573 1351 3640 R.
1376 3594 1407 3658 p.

236 3683 298 3744 152
323 3677 397 3745 111.
428 3677 517 3764 233).
574 3676 669 3763 Quae
692 3695 766 3744 cum
787 3676 839 3744 ita
861 3677 940 3759 sint,
967 3679 1097 3765 cogitat
1121 3677 1360 3748 Oollmanull.
1376 3701 1407 3764 p.

235 3787 336 3868 33l35
362 3785 403 3852 de
428 3784 631 3870 Apollodoro
663 3803 758 3868 quem
780 3785 866 3852 hunc
897 3787 1126 3871 comprobasse
1157 3804 1278 3854 annum
1309 3807 1409 3872 supra

234 3891 389 3970 cinnum
414 3911 500 3976 quae
519 3896 633 3961 tamen
654 3891 845 3959 coniectura
860 3894 949 3961 omni
965 3893 1050 3962 satis
1068 3893 1160 3960 111111
1175 3901 1270 3962 caret
1293 3893 1409 3962 funda·

233 4002 353 4067 mento.
382 3997 448 4067 Sed
463 3999 607 4068 fortasse
622 3998 756 4084 propius
773 4001 966 4069 accedimus
982 4000 1026 4068 ad
1040 3999 1220 4070 veritatem
1230 4002 1299 4068 rati
1310 4021 1409 4085 quae-

235 4124 360 4189 cunque
375 4105 411 4174 in
422 4105 518 4175 initio
530 4105 717 4192 fragmenti
733 4105 904 4192 3legimus
920 4127 1022 4192 usquo
1035 4107 1078 4176 ad
1089 4107 1250 4192 somnium
1259 4107 1408 4193 Aeneae,

328 4301 363 4370 ⁶¹⁵)
383 4301 451 4358 cum
469 4301 555 4358 etiam
572 4303 601 4358 in
619 4300 693 4358 Livii
704 4301 843 4373 catalogo,
861 4301 908 4372 qui
920 4300 1037 4373 debetur
1049 4301 1145 4360 Seruio
1158 4307 1233 4359 teste
1244 4302 1409 4373 Alexandro,

237 4389 342 4448 similes
366 4390 515 4447 nonnullae
537 4395 635 4448 extent
657 4391 856 4462 etymologiae,
886 4390 997 4448 (1111111
1015 4392 1044 4464 (h
1063 4392 1082 4449 1.
1100 4391 1215 4450 87111.
1235 4393 1271 4460 1.)
1291 4393 1410 4464 suspicio

243 4479 402 4536 verisimilis
414 4485 459 4536 est
470 4480 614 4537 Castorem
626 4479 745 4537 indicem
758 4495 837 4537 suum
850 4495 884 4537 ex
892 4479 1050 4539 Alexandro
1062 4487 1220 4539 mutuatum
1232 4498 1283 4539 suo
1293 4482 1409 4540 arbitrio

241 4569 352 4628 auxisse
369 4573 399 4627 et
415 4574 546 4628 mutasse.
