3366 5052
734 282 955 340 ..66-

258 455 329 528 adit
351 455 392 523 de
414 453 522 539 priore
544 458 704 521 uoctmno
734 453 791 521 illo
822 454 977 523 adventu.
1025 452 1131 539 Quam
1164 453 1313 523 fabulam
1343 454 1372 522 si
1395 453 1431 522 iu

257 564 351 632 fonte
388 581 446 632 suo
483 561 672 645 reperisset,
708 560 765 630 vix
799 561 1030 644 praeteriisset
1069 560 1212 629 silentio.
1266 561 1429 645 Dionysio

259 674 396 739 auctore
419 669 542 738 Sextus
566 687 586 736 a
609 671 707 751 patre
729 667 779 734 rei
801 666 956 736 militaris
980 685 1082 735 causa
1106 666 1286 736 Collatiam
1309 667 1429 737 missus

258 776 302 845 ad
333 776 468 862 cognati
499 775 550 843 sui
581 773 769 844 devertitur
801 774 929 842 domum
960 775 1094 860 eiusque
1124 774 1219 842 uxori
1249 775 1429 845 Lucretiae

256 889 405 968 stuprum
435 881 547 950 insert.
604 882 809 968 Quamquam
840 880 1021 965 Dionysius
1055 880 1230 949 rhetoricis
1266 881 1429 951 coloribus

256 990 432 1061 exornavit
454 989 689 1066 narrationem,
714 994 829 1056 tamen
850 990 954 1072 primo
978 989 1187 1075 cognoscitur
1207 991 1327 1057 obtutu
1348 989 1429 1058 Dio·

256 1099 327 1167 dori
350 1104 385 1166 et
402 1097 555 1184 Dionysii
577 1097 735 1166 facinoris
758 1097 939 1165 relationes
962 1097 1051 1165 inter
1073 1116 1109 1164 se
1133 1116 1207 1165 esse
1230 1097 1428 1165 simillimas.

256 1207 380 1290 Ampla
403 1205 566 1289 praemia,
599 1208 637 1271 ut
661 1204 907 1272 consentientes
936 1204 1077 1287 produnt
1101 1204 1266 1272 Diodorus
1290 1207 1326 1272 et
1347 1205 1429 1273 Dio·

255 1313 379 1398 nysius,
419 1312 599 1380 Lucretiae
628 1311 795 1394 promittit
831 1311 952 1380 Sextus
991 1311 1150 1395 simulque
1183 1311 1358 1394 profitetur
1392 1330 1429 1378 se

253 1545 428 1609 secumque
450 1525 543 1593 illam
566 1544 702 1610 regnum
727 1543 801 1591 esse
824 1525 1029 1608 habituram;
1060 1523 1112 1591 sin
1135 1528 1247 1593 autem
1269 1525 1428 1593 resistere

253 1634 299 1702 sit
322 1639 455 1716 conata,
479 1652 515 1700 se
538 1632 630 1698 illam
654 1651 727 1698 esse
750 1637 952 1699 necaturum.
1000 1633 1076 1700 Non
1096 1631 1200 1699 solum
1222 1632 1427 1717 singularum

253 1741 495 1809 sententiarum
518 1738 640 1821 ordine,
666 1738 724 1806 sed
748 1737 851 1806 etiam
873 1738 984 1806 verbis
1013 1757 1254 1823 nonnumquam
1277 1738 1366 1807 iuter
1389 1757 1425 1808 se

251 1849 442 1932 conspirant
465 1847 632 1915 Diodorus
656 1851 691 1913 et
715 1845 911 1930 Dionysius:

427 2041 506 2099 Dion.
526 2042 567 2100 1v
586 2041 629 2096 64.
1057 2039 1204 2098 Diodorus.

303 2150 406 2216 ταύτην
433 2147 483 2214 τὴν
513 2149 627 2218 γύναῑκα
664 2145 806 2213 καλλίστην
912 2149 969 2216 ἥτις
987 2145 1020 2216 ἧν
1045 2146 1177 2219 εὐπρεπὴς
1200 2149 1252 2215 μὲν
1276 2147 1326 2214 τὴν
1350 2145 1424 2219 ὄψιν,

250 2237 331 2292 οὖσαν
355 2241 413 2291 τῶν
437 2239 467 2290 ἐν
489 2238 573 2305 Ῥώμῃ
597 2239 733 2307 γυναικῶν
761 2242 805 2289 καὶ
861 2239 974 2311 σώφρων
992 2235 1022 2291 δὲ
1039 2235 1090 2289 τὸν
1108 2237 1219 2308 τρόπον.

249 2328 477 2402 σωφρονεστάτην.

425 2487 506 2544 Dion.
525 2487 564 2542 lV
583 2487 626 2543 65.
1057 2486 1202 2543 Diodorus.

301 2595 444 2647 ἀποκτενῶ
462 2615 489 2646 σε
499 2599 543 2646 καὶ
555 2596 612 2646 τῶν
624 2593 808 2666 θεραπόντων
914 2593 1168 2667 παρασκευάσασθαι
1185 2595 1237 2660 μὲν
1249 2591 1343 2662 ἔφησεν
1356 2595 1424 2645 οἰκέ-

249 2684 462 2756 ἐπικατασφοίξας
480 2687 528 2737 ἕνα
546 2684 624 2750 θήσω
643 2682 808 2752 τὰσώματα
862 2704 912 2750 την
936 2680 1087 2751 ἐπιτήδειον
1111 2685 1146 2737 εἰς
1170 2681 1305 2754 ἀναίρεσιν
1328 2701 1423 2752 συγκα-

247 2774 340 2842 ὑμῶν.
372 2775 429 2843 ἅμα
457 2779 500 2825 καὶ
536 2774 609 2843 φήσω
646 2771 808 2842 κατειληφώς
862 2772 1006 2843 τασφσίξειν
1024 2769 1054 2824 δὲ
1072 2771 1198 2836 κάκείνην
1211 2769 1246 2826 ὥς
1261 2772 1304 2823 ἐπὶ
1319 2777 1423 2840 μοιχείᾳ

247 2863 448 2932 ἀσχημονοῦσάν
461 2882 488 2914 σε
500 2862 569 2932 presai
581 2864 631 2915 τοῦ
650 2859 748 2914 δούλου
767 2881 808 2913 τε·
863 2861 1076 2929 κατειλημμένην
1112 2863 1156 2912 καὶ
1191 2873 1347 2926 τετευχνϊαν
1376 2863 1424 2928 τῆς

246 2952 416 3025 τιμωρῇσθαι
433 2951 485 3020 τὴν
502 2954 552 3006 τοῦ
571 2953 710 3022 συγγενοῦς
727 2951 808 3024 ὕβριν
861 2949 1037 3023 προσηκούσης
1054 2952 1181 3022 τιμωρίας
1198 2949 1253 3002 ὑπὸ
1272 2951 1321 3003 τοῦ
1334 2969 1422 3020 συγγε-

246 3041 449 3115 μετερχόμενοτ.
862 3040 992 3093 νεστάτσν
1011 3040 1051 3104 τῷ
1069 3040 1245 3092 συνοικοῦντα

340 3237 526 3309 Careamus
542 3242 654 3308 autem
670 3260 712 3308 ne
727 3241 813 3308 hunc
830 3257 1022 3308 consensum
1038 3241 1165 3305 certum
1180 3255 1253 3306 esse
1268 3229 1424 3321 putemus

246 3348 405 3417 indicium
429 3347 575 3416 eiusdem
598 3351 640 3416 ab
664 3352 802 3430 utroque
833 3345 976 3414 adhibiti
998 3345 1101 3412 fontis
1124 3343 1323 3428 praesertim
1347 3364 1420 3414 cum

248 3461 380 3525 constet
410 3475 473 3540 quo
502 3455 584 3525 miro
613 3459 647 3523 et
678 3455 827 3523 inaudito
851 3454 944 3522 modo
967 3452 1112 3522 Romani
1127 3450 1295 3519 annalium
1318 3453 1420 3537 scrip·

244 3568 339 3632 tores
378 3568 625 3633 autecessorum
662 3581 761 3645 opera
804 3560 1062 3646 despoliaveriut
1100 3579 1140 3627 ac
1178 3579 1279 3642 saepe
1316 3560 1420 3629 verba

245 3690 373 3753 quoque
396 3669 626 3755 repetiverint.
674 3669 800 3737 Contra
823 3668 1002 3735 Diodorum
1025 3672 1061 3735 ct
1083 3665 1280 3750 Dionysium
1301 3666 1332 3733 si
1353 3686 1419 3734 non

245 3778 289 3845 ad
313 3775 450 3845 eundem
474 3782 626 3845 attamen
649 3779 809 3860 cognatos
832 3775 939 3842 redire
962 3773 1073 3842 fontes
1096 3791 1191 3840 nemo
1207 3772 1416 3842 infitiabitur.

246 3885 328 3953 Oum
344 3887 457 3952 autem
471 3883 652 3969 Dionysius
668 3883 721 3954 IV
734 3888 776 3950 64
793 3901 855 3964 quo
872 3881 982 3964 capite
998 3880 1155 3965 incipitur
1171 3880 1267 3950 Sexti
1282 3881 1417 3950 sceleris

242 3991 405 4074 narratio,
431 3996 587 4074 provocet
607 3990 652 4058 ad
667 3989 809 4057 Fabium
830 3989 1032 4073 aliorumque
1055 3986 1251 4070 scriptorum
1274 3989 1415 4056 auctori*

242 4104 351 4166 tatem
375 4096 505 4183 (Φάβιος
519 4102 569 4162 καί
585 4100 615 4162 σί
638 4101 741 4161 λοιποὶ
765 4094 977 4182 συγγραφεῖς),
1001 4094 1060 4164 Vix
1081 4113 1211 4179 pOSsllm
1236 4094 1356 4164 adduci
1378 4100 1416 4164 ut

242 4205 441 4289 Dionysium
463 4203 574 4272 omnia
597 4203 698 4272 Fabii
721 4205 842 4271 debere
864 4208 977 4287 putem
1006 4202 1190 4270 annalibus.
1235 4201 1416 4270 Diodorum

241 4312 479 4398 etDionysium
491 4310 843 4396 exantiquioribus
856 4310 1024 4379 annalium
1036 4308 1251 4394 scriptoribus
1263 4309 1415 4380 hausisse

240 4440 282 4490 ox
306 4420 355 4489 eis
378 4422 520 4505 apparet
553 4438 637 4503 quae
668 4423 851 4488 consonant
883 4437 956 4487 cum
989 4417 1146 4487 Cicerone
1177 4415 1342 4502 (Polybio)
1373 4417 1414 4485 de

239 4527 353 4620 Sexto,
378 4529 520 4600 maximo
542 4533 626 4598 natu
649 4526 822 4613 Tarquinii
844 4526 921 4596 filio.
