3366 5052
707 245 923 306 ..72-

235 463 240 473 .
261 461 267 473 .
287 461 293 472 .
314 459 320 471 .
339 421 460 492 ὥρμηοεν
478 420 518 470 ἐπ’
539 418 625 472 αὐτὸν
643 420 678 475 ὡς
697 419 790 479 idaea·
846 416 1009 492 δραξάμενος
1034 417 1080 484 τῆς
1105 419 1153 467 τοῦ
1183 413 1295 467 Τυλλίου
1319 416 1403 488 χειρὸς

234 511 337 577 στήσων
361 510 407 576 τῆς
429 507 519 582 ἕδρας.
545 513 588 560 καὶ
612 509 627 560 ὃ
649 509 792 582 Ταρκύνιος
847 510 955 579 ἔρριψεν
964 506 1050 558 αὐτὸν
1062 505 1131 557 κατὰ
1146 507 1191 572 τῆς
1207 501 1339 576 κρηπῖδος.
1359 510 1404 556 καὶ

235 598 347 666 ἄσμενος
370 599 447 650 ταῦτ)
473 595 539 648 idaia
562 593 687 664 ἀναπηδᾷ
711 615 741 648 τε
764 597 792 648 ἐκ
847 594 989 651 διαναστάς
1008 600 1051 647 καὶ
1063 593 1187 661 χωλεύων
1201 592 1244 646 διά
1256 593 1290 644 τὸ
1302 595 1403 661 πτῶμα

234 690 284 740 τοῦ
297 685 391 760 δίφρου
411 691 455 739 καὶ
474 687 642 758 συναρπάσας
653 685 704 738 τὸν
718 689 792 757 γέρο-
847 687 992 758 ἐπεχείρησε
1011 698 1113 758 φυγεῖν,
1132 683 1294 752 ἀπεκτάνθη
1313 680 1350 736 δέ.

236 797 288 831 ντα
307 777 455 850 κεκραγότα
468 813 791 828 .............

235 867 377 937 γενόμενος
395 863 471 926 diga
483 867 531 916 τοῦ
544 862 735 937 βουλευτηρίου
747 886 792 933 με·

236 959 340 1030 τέωρον
363 955 458 1027 ἐξάρας
487 953 573 1006 αὐτὸν
599 953 730 1022 ἀκμάζων
759 953 794 1007 τὸ

236 1047 313 1114 σῶμα
331 1050 375 1098 καὶ
393 1041 530 1118 ῥωμαλέος
542 1043 609 1117 ἀνὴρ
622 1048 713 1115 ῥιπτεῖ
724 1043 793 1094 κατὰ

237 1135 295 1188 τῶν
312 1131 449 1207 κρηπίδων
467 1134 516 1185 τοῦ
535 1131 738 1205 βουλουτηρίον.

327 1276 487 1346 Similiter
517 1278 633 1346 Livius
664 1297 791 1360 quoque
821 1279 857 1347 in
886 1280 1113 1364 liblolss,
1141 1285 1224 1344 1-3
1256 1297 1325 1346 rem
1353 1279 1406 1347 de-

238 1386 364 1456 scribit.
398 1387 529 1453 Extant
552 1387 649 1453 haec:
677 1385 797 1472 „Quid
819 1387 889 1471 hoo,
914 1385 1032 1471 inquit,
1057 1387 1226 1471 Tarquini,
1250 1386 1309 1453 rei
1332 1386 1407 1454 est?

241 1494 315 1581 Qua
339 1497 378 1561 tu
401 1493 542 1561 audacia
564 1513 615 1560 me
638 1493 714 1563 rivo
738 1513 858 1563 vocare
874 1514 974 1562 ausus
997 1513 1033 1562 es
1056 1500 1172 1576 patres
1189 1500 1248 1561 aut
1270 1494 1305 1562 in
1328 1494 1407 1562 sede

239 1601 408 1669 considere
431 1600 547 1669 mea?“
592 1601 673 1669 Oum
696 1602 753 1668 ille
775 1599 916 1668 ferocior
939 1602 1103 1668 adhaec:
1131 1621 1172 1669 se
1193 1601 1323 1686 patris
1346 1600 1407 1668 sui

239 1715 377 1776 tenere
415 1708 560 1792 sedem,
598 1710 701 1775 multo
733 1727 842 1790 quam
874 1727 1025 1777 servum
1056 1709 1249 1792 potiorem
1279 1708 1408 1776 filium

239 1814 356 1900 regis,
374 1815 469 1899 regni
492 1815 654 1899 heredem,
680 1815 765 1884 satis
781 1816 873 1883 illum
890 1816 945 1884 diu
960 1835 1019 1899 per
1033 1814 1205 1882 licentiam
1221 1815 1408 1883 eludentem

239 1922 421 1990 insultasse
445 1921 615 1990 dominis.“
671 1923 794 1991 clamor
825 1926 867 1992 ab
885 1923 1070 2004 ‘utriusque
1093 1922 1279 1991 fautoribus
1303 1923 1408 1989 oritur

240 2035 276 2098 et
304 2048 479 2098 concursus
507 2029 618 2113 populi
648 2030 751 2097 fiebat
780 2031 813 2098 in
843 2031 967 2098 curiam
996 2031 1259 2114 apparebatque,
1290 2049 1408 2115 regna-

240 2143 351 2205 turum
364 2137 419 2220 qui
430 2137 579 2208 vicisset.
629 2136 731 2220 „Turn
754 2137 963 2219 Tarquinius,
988 2135 1193 2204 necessitate
1216 2137 1282 2202 iam
1306 2137 1408 2204 etiam

240 2246 314 2328 ipsa
337 2249 477 2331 cogente
499 2243 617 2311 ultima
641 2245 762 2311 audere
788 2245 929 2322 „multo
957 2247 997 2310 et
1026 2248 1165 2311 aetate
1192 2248 1231 2311 et
1253 2243 1409 2312 viribus

240 2351 431 2436 validior,
455 2350 618 2417 medium
642 2351 793 2435 arripit
817 2351 992 2421 Servium
1017 2351 1241 2435 elatumque
1266 2351 1410 2418 eonria

240 2459 280 2526 in
310 2459 538 2526 inferiorem
572 2463 724 2540 partem
754 2477 821 2541 per
851 2460 997 2545 gradus
1028 2459 1168 2525 deiicit
1198 2463 1262 2525 etc.
1317 2458 1410 2546 Quas

241 2565 452 2632 narrationes
474 2565 563 2633 inter
585 2585 622 2632 se
644 2583 718 2632 esse
742 2566 926 2634 simillimas
949 2586 1043 2633 nemo
1059 2565 1183 2633 infitias
1199 2565 1273 2632 ibit.
1313 2565 1410 2632 Unde

242 2672 415 2740 Oollmann
437 2672 459 2738 l.
483 2672 505 2738 l.
529 2693 560 2756 p.
587 2679 627 2737 53
655 2673 835 2740 Diodorum
866 2677 900 2741 et
923 2673 1118 2758 Dionysium
1146 2677 1181 2740 et
1208 2671 1340 2740 Livium
1369 2691 1411 2738 ex

244 2779 356 2846 eodem
378 2779 530 2848 hausisse
560 2779 651 2848 fonte
676 2780 855 2864 concludit3
887 2799 972 2863 quae
1004 2781 1182 2864 sententia,
1214 2799 1411 2863 quamquam

242 2887 347 2971 primo
378 2885 503 2954 arridet
535 2891 663 2971 obtutu,
709 2893 822 2955 tamen
856 2908 892 2955 re
927 2887 1120 2972 diligentius
1155 2906 1317 2971 perpensa
1352 2887 1409 2954 du·

243 2994 427 3063 bitationes
448 2999 503 3061 sat
527 3016 648 3080 graves
663 3014 794 3062 movere
818 2995 926 3062 debet.
973 2995 1061 3062 Nam
1084 2995 1114 3061 si
1133 2995 1325 3080 diligentius
1349 2995 1411 3061 cir-

244 3101 520 3184 cumspexerimus
542 3103 641 3187 locos,
671 3103 875 3171 inveniemus
899 3102 1153 3185 discrepantias
1183 3121 1266 3184 quae
1294 3120 1413 3168 memo-

244 3213 322 3276 ratu
359 3208 459 3277 valde
497 3215 574 3276 sunt
613 3211 743 3296 dignae.
805 3209 858 3277 Ac
900 3210 1038 3294 primum
1069 3209 1199 3291 quidem
1241 3209 1414 3275 mittamus

243 3316 436 3400 Diodorum;
460 3316 495 3382 in
518 3317 650 3386 Livium
674 3324 709 3387 et
725 3317 920 3403 Dionysium
941 3317 1154 3400 inquiramus.
1192 3316 1277 3384 Sunt
1300 3315 1414 3400 procul

247 3423 343 3491 dubio
367 3425 533 3510 nonnulla,
559 3424 675 3507 quibus
698 3444 803 3508 paene
827 3426 1022 3494 adverbum
1043 3425 1132 3493 inter
1155 3445 1191 3494 se
1212 3423 1413 3507 conspirant.

246 3551 273 3598 e.
284 3552 316 3617 g.
334 3529 528 3616 Dionysius:
557 3531 726 3611 ηάκμάζων
742 3533 779 3597 τὸ
796 3535 886 3609 σῶμα
902 3538 953 3596 καὶ
968 3533 1131 3614 ῥωμαλέος
1146 3529 1255 3614 ἀυὴρ.“
1281 3531 1412 3598 Livius:

249 3639 371 3722 „multo
395 3643 429 3705 et
454 3643 568 3706 aetate
593 3644 628 3705 et
643 3639 769 3707 viribus
785 3641 952 3710 validior.“
979 3640 1129 3723 Uterque
1153 3644 1308 3706 narrata
1332 3638 1413 3704 Tar-

207 3781 209 3786 *
247 3745 357 3829 quinio
381 3745 533 3814 Servium
555 3766 667 3833 regern
692 3753 869 3831 arreptum,
900 3767 917 3813 e
941 3747 1035 3813 curia
1059 3748 1183 3814 elatum
1210 3766 1269 3830 per
1291 3745 1414 3830 gradum

245 3853 281 3921 in
310 3852 477 3920 comitium
500 3873 573 3922 esse
597 3853 768 3922 deiectum.
813 3855 910 3922 Nunc
934 3854 1168 3939 subiungamus
1199 3853 1414 3921 differentias.

245 3959 344 4029 Livio
368 3965 504 4028 auctore
527 3962 769 4054 Tarquinius
796 3961 1000 4030 necessitate
1023 3961 1154 4047 cogitur
1181 3961 1333 4030 Servium
1360 3978 1415 4044 ag·

247 4067 341 4154 gredi
365 4067 463 4153 (quod
486 4087 662 4138 concursus
685 4069 794 4153 populi
823 4069 926 4136 fiebat
949 4069 983 4136 in
1011 4069 1135 4136 curiam
1167 4070 1416 4152 apparebatque

250 4179 465 4260 regnaturum
489 4176 545 4260 qni
567 4177 727 4261 vicisset),
753 4196 825 4243 cum
840 4176 1020 4260 Dionysius
1044 4176 1195 4246 Servium
1210 4177 1316 4260 ipsum
1339 4193 1414 4241 nar-

246 4288 300 4350 ret
323 4283 489 4352 ferocibus
505 4284 678 4368 Tarquinii
701 4285 811 4354 verbis
835 4284 960 4352 auditis
975 4283 1010 4351 in
1026 4303 1100 4352 enm
1115 4283 1273 4367 impetum
1295 4283 1415 4351 iecisse

246 4396 284 4458 ut
308 4390 349 4458 de
380 4391 464 4458 sella
494 4391 589 4476 regia
620 4391 822 4459 deturbaret.
877 4391 1132 4476 Progrediamur
1165 4392 1233 4457 iam
1265 4390 1308 4456 ad
1337 4389 1415 4456 Dio

250 4498 373 4585 dorum,
399 4497 455 4581 qui
479 4515 720 4580 nonnumquam
743 4503 778 4566 et
802 4518 822 4565 a
845 4498 942 4567 Livio
967 4503 1001 4566 et
1017 4519 1038 4566 a
1052 4496 1213 4586 Dionysio
1237 4496 1415 4580 discrepat.
