3414 5046
721 297 941 355 ..16-

246 469 429 553 vissimam,
454 488 519 550 qua
543 471 681 552 plebeiis
704 474 742 536 ut
758 469 964 536 consulatum
980 473 1135 554 gererent
1150 471 1415 554 permittebatur,

246 577 313 644 iam
341 581 654 646 commemoraverat
683 576 726 644 ad
755 595 875 644 annum
904 583 978 642 304.
1008 577 1076 657 (lib.
1101 577 1188 662 XII,
1218 580 1282 660 25).
1328 577 1417 645 Nam

245 683 337 750 illum
365 683 524 750 institute
553 688 588 750 et
615 684 707 768 leges
738 703 820 765 quas
848 683 1042 753 decemviris
1070 685 1214 768 expulsis
1243 690 1417 752 11111304

246 808 321 858 1111
344 791 435 858 latas
459 790 579 873 prodit,
604 791 671 858 iam
693 790 727 857 in
750 789 842 857 fonte
866 809 924 858 suo
948 791 1053 858 eidem
1076 810 1162 858 anuo
1185 792 1322 859 addicta
1345 811 1417 875 rep-

247 897 372 981 perisse
395 917 501 981 neque
524 899 630 982 ipsum
653 916 717 981 res,
743 906 827 979 quae
850 897 963 965 multis
987 898 1082 964 annis
1107 898 1245 984 distant,
1269 899 1418 966 inunum

247 1024 473 1081 coacervasse,
499 1005 605 1089 magis
626 1004 797 1089 magisque
816 1023 902 1071 nunc
918 1006 1129 1072 consentiunt
1144 1005 1209 1075 viri
1224 1005 1416 1074 doctissimi.

246 1111 303 1200 (cf.
327 1112 484 1196 Nitzsch,
512 1113 606 1179 Rom.
635 1109 761 1179 Annal.
789 1131 820 1194 p.
848 1118 921 1178 230.
952 1118 1026 1176 235.
1054 1114 1116 1180 Ed.
1141 1110 1264 1197 Meyer.
1293 1114 1315 1179 l.
1339 1113 1361 1179 l.
1385 1133 1416 1198 p.

249 1220 336 1307 620.)
379 1219 501 1300 Itaque
525 1223 643 1286 auctor
665 1238 686 1286 a
708 1218 854 1286 Diodoro
878 1224 1066 1304 usurpatus,
1091 1221 1120 1289 si
1143 1220 1316 1304 collegium
1340 1220 1419 1287 anni

249 1332 310 1391 387
339 1325 531 1409 praeteriit,
572 1325 662 1392 inter
689 1325 882 1393 eparchium
905 1330 941 1392 et
964 1327 1073 1396 Sextii
1095 1327 1233 1411 primum
1255 1325 1418 1411 plebeium

249 1432 458 1500 consulatum
474 1431 687 1501 intervallum
702 1431 802 1499 trium
824 1435 956 1501 tantum
980 1433 1097 1501 habuit
1121 1453 1288 1502 annorum.
1324 1433 1419 1520 Quod

247 1559 306 1607 cur
329 1558 549 1624 aspernemur,
574 1558 639 1607 non
661 1539 820 1607 habemus
843 1559 987 1608 causam.
1033 1542 1122 1609 Nam
1145 1542 1194 1610 sic
1220 1547 1258 1607 ut
1280 1540 1419 1609 Diodori
1452 1569 1454 1574 ·

247 1645 320 1714 fons
346 1650 518 1730 computat
541 1646 643 1713 etiam
666 1646 846 1730 Eutropius
867 1649 916 1732 H,
944 1654 973 1716 3.
1016 1653 1279 1734 „resumpserunt
1306 1651 1419 1715 tamen

247 1753 373 1821 tribuni
402 1753 566 1822 militares
598 1753 763 1821 consulari
792 1757 964 1837 potestate
994 1756 1115 1825 iterum
1151 1757 1350 1842 dignitatem
1384 1758 1420 1822 11
1494 1789 1496 1794 ¹

247 1860 421 1928 triennio
445 1866 715 1944 perseverarunt3
747 1880 860 1929 rursus
884 1862 1034 1931 consules
1057 1863 1160 1931 facti“
1187 1863 1242 1946 (ci.
1268 1862 1418 1932 Cassiod.

248 1969 315 2034 chr.
339 1987 369 2050 p.
398 1973 461 2032 600
484 1969 529 2034 M.
554 1968 734 2052 Holzapfel
758 1967 834 2036 Chr.
858 1969 899 2035 R.
924 1989 955 2052 p.
982 1975 1034 2054 39,
1058 1972 1133 2037 adn.
1161 1974 1215 2055 7.).
1256 1969 1421 2054 surgitur

248 2074 386 2143 Diodori
412 2075 485 2143 fons
513 2095 612 2144 unum
639 2079 772 2144 tantum
799 2075 1056 2160 magistratuum
1084 2077 1271 2145 solitudinis
1300 2094 1421 2144 annum

249 2181 455 2266 computavit
471 2181 633 2266 simulque
648 2203 714 2251 non
729 2183 847 2251 habuit
862 2182 1082 2268 magistratus
1099 2203 1274 2268 eponymos
1290 2204 1321 2250 a.
1344 2189 1419 2266 387,

250 2288 505 2356 concludendum
535 2294 588 2357 est
619 2292 707 2374 apud
730 2290 822 2358 illum
846 2290 1014 2358 annalium
1037 2291 1231 2376 scriptorem
1253 2310 1421 2358 numerum

250 2415 409 2463 annorum
425 2396 481 2478 qui
495 2396 682 2465 intererant
702 2398 790 2466 inter
805 2399 932 2466 Romae
955 2399 1140 2467 incendium
1164 2398 1324 2468 1111111111
1346 2417 1421 2465 con-

250 2503 395 2570 sulatum
426 2503 568 2586 quinque
598 2505 755 2572 minorem
785 2504 888 2574 fuisse
919 2505 1014 2573 annis
1046 2526 1144 2589 quam
1174 2506 1262 2589 apud
1289 2505 1422 2574 Livium

19 2511 454 2700 WB.
490 2611 606 2678 Etiam
621 2611 786 2679 Diodorus
802 2611 891 2679 inter
905 2613 1033 2680 Romae
1057 2612 1218 2680 excidium
1242 2617 1277 2680 11
1301 2632 1421 2680 annum

251 2726 314 2784 388
330 2740 396 2787 non
413 2726 453 2784 23
471 2723 642 2803 computat
658 2738 771 2804 annos,
788 2723 827 2786 ut
842 2719 926 2786 fasti
938 2719 1129 2804 Capitolini,
1148 2721 1206 2788 sed
1221 2727 1260 2785 18
1277 2723 1419 2788 tantum.

232 2848 235 2856 ¹
250 2826 461 2910 (Excipiendi
476 2826 628 2894 nimirum
643 2832 721 2894 sunt
737 2825 878 2911 quinque
893 2826 953 2894 illa
969 2829 1111 2913 collegia
1126 2827 1272 2912 repetita
1287 2829 1421 2897 ineunte

249 2933 333 3000 libro
356 2933 437 3018 XV,
463 2953 547 3016 quae
576 2935 679 3003 etiam
701 2934 737 3002 in
759 2933 897 3001 Diodori
920 2934 1013 3002 fonte
1036 2936 1122 3002 hunc
1144 2935 1251 3002 locum
1274 2934 1422 3004 tenuisse

250 3058 346 3107 nemo
362 3039 543 3128 probabit.)
578 3042 810 3110 Recentiorem
830 3061 909 3110 vero
929 3043 1171 3128 chronographi
1192 3042 1343 3126 indicem,
1366 3040 1423 3108 uhi

251 3148 445 3232 cognomina
460 3147 561 3216 fastis
585 3154 683 3216 erant
706 3149 832 3233 addita,
857 3150 914 3218 vix
937 3150 1120 3218 decessisse
1144 3170 1165 3218 a
1187 3149 1329 3234 vulgata
1352 3153 1422 3214 tra-

252 3253 377 3322 ditione
412 3258 668 3323 consentaneum
692 3259 754 3324 est.
792 3255 957 3341 Cognovit
976 3257 1142 3326 Diodorus
1166 3254 1423 3338 discrepantiam

252 3360 393 3443 quinque
406 3381 563 3428 annorum
578 3361 667 3428 inter
682 3365 966 3448 chronographum
982 3370 1017 3432 11
1033 3365 1203 3432 annalium
1219 3361 1422 3446 scriptorem.

253 3465 361 3552 Quid?
395 3468 514 3537 Nonne
536 3487 640 3553 prona
674 3473 728 3536 est
762 3469 904 3552 suspicio
939 3471 1118 3539 Diodorum
1141 3470 1362 3555 magistratus
1390 3490 1420 3536 a.

254 3578 431 3639 360-364
454 3574 652 3660 repetivisse
683 3579 721 3641 ut
753 3584 981 3660 compensaret
1011 3579 1104 3646 illam
1135 3577 1423 3658 differentiamlffl)

344 3750 497 3823 ’1)01111111
520 3751 638 3824 collegia
662 3767 732 3821 quae
756 3769 806 3823 per
824 3754 877 3810 hoc
895 3755 1029 3825 temporis
1051 3755 1230 3812 intervallum
1253 3755 1311 3811 edit
1329 3752 1424 3810 Livius

253 3840 367 3911 aliique,
392 3845 490 3897 extant
513 3843 600 3898 etiam
623 3841 696 3911 apud
713 3841 866 3899 Diodorum
888 3843 931 3899 its
952 3850 985 3900 ut
1007 3844 1054 3902 vix
1072 3843 1148 3900 credi
1165 3843 1256 3915 possit
1273 3841 1425 3899 Diodorum

254 3929 380 3986 omisisse
398 3931 525 4000 collegia,
546 3947 616 3999 quse
636 3935 715 3987 erant
732 3931 762 3986 in
781 3932 841 3988 eius
859 3932 944 3988 fonte.

344 4019 727 4092 ῃ)Ι111111111111111111111
754 4020 863 4078 ratione
885 4021 981 4078 Soltau
1006 4022 1148 4079 declarare
1175 4023 1270 4080 studet
1291 4020 1424 4090 quomodo

254 4109 358 4166 iactum
376 4109 414 4165 sit
429 4114 462 4165 ut
473 4109 611 4166 Diodorus
624 4114 690 4166 ante
702 4110 864 4181 rogationes
877 4110 985 4167 Sextias
1004 4110 1122 4181 quinque
1142 4111 1284 4168 omitteret
1307 4108 1425 4180 collegia

254 4198 384 4270 (110111.
408 4198 440 4255 B.
464 4215 490 4268 p.
510 4199 582 4270 378).
625 4199 731 4256 Gellius
756 4199 829 4256 cuim
853 4199 951 4255 laudat
974 4200 1064 4255 locum
1087 4216 1102 4256 e
1127 4200 1258 4270 „rabir
1284 4197 1426 4255 1111111111

254 4288 364 4346 Latinis
383 4287 529 4345 annalibus
548 4287 657 4358 (Soltdu
677 4290 801 4346 consulto
824 4305 932 4359 semper
946 4288 1011 4346 dare
1024 4288 1135 4345 videtur
1161 4289 1279 4360 „Fabius
1293 4288 1425 4360 Pictor“).

255 4378 385 4450 Legimus
409 4377 482 4448 apud
508 4377 577 4434 Call.
597 4378 630 4434 N.
650 4379 683 4433 A.
703 4379 736 4447 V,
754 4382 780 4435 4.
806 4377 987 4448 „ostendebat
1009 4378 1207 4449 grammaticus
1229 4378 1271 4434 ita
1293 4377 1427 4448 scriptum

254 4466 283 4522 in
301 4467 372 4524 libro
391 4471 506 4537 quomo:
531 4471 699 4536 quapropter
721 4470 781 4522 tum
804 4466 922 4537 primum
945 4484 979 4524 ex
1000 4466 1081 4540 plebe
1104 4469 1177 4524 11111
1200 4467 1295 4523 consul
1313 4467 1426 4523 factus

256 4561 300 4612 111
325 4557 508 4615 duovicesimo
536 4573 608 4612 anno
633 4561 780 4625 postquam
804 4557 920 4613 Romam
945 4557 1018 4612 Calli
1043 4562 1183 4626 ceperunt.
1227 4557 1304 4626 ,Non
1326 4557 1426 4624 inquit,
