3410 5052
723 271 1039 366 -rs-'

251 479 378 562 dingeri
401 480 529 563 opinio,
561 499 647 561 quac
680 479 781 546 etiam
812 498 871 562 per
897 499 933 546 se
956 498 1021 547 non
1048 481 1150 548 habet
1173 501 1236 564 quo
1259 503 1418 551 commen·

247 587 350 653 detor.
408 587 584 654 Accedunt
625 586 714 654 aliae
761 605 893 654 causae.
960 589 1073 658 Paene
1108 590 1319 658 manifestum
1365 599 1418 661 est

243 692 378 760 Claudii
390 694 529 761 annales
541 712 673 760 exorsos
685 692 821 762 fuissea
836 694 964 762 Romae
988 694 1143 763 incendio
1157 700 1200 781 (a.
1219 703 1305 778 364).
1330 699 1418 766 Num

240 801 405 868 credibile
433 806 485 868 est
510 801 690 868 Diodorum
718 801 753 868 in
775 801 870 870 libris
893 803 1087 873 XI-XIV
1116 804 1218 872 alium
1240 824 1418 889 usurpasse

240 905 416 975 annalium
439 907 630 993 scriptorem
646 913 748 990 atque
763 909 798 976 in
818 909 913 976 libris
928 911 1145 980 Xv—XXi
1179 914 1418 981 Demonstrare

242 1014 386 1082 student
412 1014 601 1099 Buedinger
628 1015 650 1081 l.
675 1015 696 1081 l.
722 1021 757 1083 et
783 1015 926 1084 Nitzsch
953 1018 975 1082 l.
999 1018 1022 1084 l.
1046 1038 1077 1102 p.
1104 1023 1166 1082 229
1196 1038 1267 1102 sqq.
1302 1039 1416 1087 narra·

245 1122 371 1202 ticum,
400 1141 480 1202 quas
503 1121 613 1188 tradit
634 1122 799 1191 Diodorus
822 1125 900 1191 XII
924 1131 1053 1189 24-26
1078 1125 1118 1191 de
1141 1125 1252 1209 Appio
1277 1127 1416 1196 Olaudio

250 1228 439 1307 decemviro,
464 1233 500 1296 et
516 1230 594 1297 XX
611 1235 652 1294 36
669 1230 710 1297 de
726 1231 857 1299 Claudii
873 1230 975 1300 anci
991 1250 1140 1310 censura,
1165 1232 1301 1300 studere
1317 1233 1415 1302 Olau-

249 1336 372 1404 diorum
383 1336 539 1403 familiae.
564 1336 745 1405 Diodorum
761 1339 1018 1408 decemvirorum
1033 1339 1207 1407 historiam
1222 1345 1417 1408 narrantem

247 1445 337 1512 nullo
348 1444 439 1511 modo
450 1445 567 1514 favere
581 1445 675 1529 genti
688 1443 851 1515 Claudiae
862 1447 999 1529 quisque
1015 1452 1053 1514 ut
1069 1451 1150 1530 puto
1165 1447 1344 1531 intelliget,
1361 1449 1417 1531 qui

249 1551 386 1635 simplici
408 1555 443 1618 et
466 1551 599 1636 integro
622 1552 731 1619 animo
753 1553 892 1621 Diodori
923 1554 1104 1638 perlegerit
1129 1554 1253 1637 capita.
1300 1555 1354 1620 ldx
1377 1574 1416 1622 eo

248 1658 330 1740 quod
352 1657 535 1743 Verginiae
563 1664 702 1726 mortem
729 1661 818 1744 apud
843 1661 1025 1729 Diodorum
1055 1680 1120 1728 non
1143 1660 1253 1745 Appio
1276 1660 1416 1729 Claudio

250 1766 421 1849 opprobrio
437 1766 548 1850 datur,
574 1766 681 1848 (dicim
711 1767 762 1844 εἰς
784 1765 857 1846 δ’ἐξ
880 1767 1006 1831 αὐτῶν
1027 1769 1167 1849 ἐρασθεὶς
1182 1767 1263 1855 etc.)
1286 1768 1416 1836 minime

243 1872 393 1955 sequitur
404 1873 545 1940 Diodori
556 1873 682 1941 fontem
693 1873 870 1942 indulsisse
883 1873 979 1958 genti
990 1873 1161 1941 Claudiae.
1196 1876 1238 1943 In
1256 1895 1415 1942 commen·

242 1979 341 2048 tariis
372 1979 541 2049 historicis
573 2000 594 2047 a
621 1981 766 2049 Diodoro
793 2001 881 2049 more
909 1981 1118 2063 antiquorum
1147 1982 1316 2049 annalium
1346 1982 1416 2051 fere

242 2106 410 2169 nunquam
433 2088 600 2156 adduntur
622 2089 764 2156 nomina.
800 2088 916 2156 (licere
940 2107 1066 2170 quoque
1089 2088 1119 2154 d.
1144 2108 1170 2154 r.
1194 2089 1283 2172 publ.
1299 2090 1339 2155 H
1363 2095 1415 2174 37,

242 2201 284 2260 62
317 2193 491 2263 Claudium
520 2214 585 2262 non
615 2196 765 2264 nominat
796 2194 907 2281 (dicitz
942 2201 1077 2280 propter
1108 2195 1222 2263 unius
1253 2214 1301 2262 ex
1330 2195 1415 2262 illis

242 2301 476 2370 decemviris
520 2302 774 2389 intemperiem.)
842 2301 1004 2370 Similiter
1038 2321 1092 2370 res
1131 2321 1167 2370 se
1200 2302 1304 2369 hahet
1343 2319 1416 2369 cum

241 2428 386 2477 censura
419 2408 549 2478 Claudii
584 2408 695 2478 anci.
742 2408 887 2476 Nitzsch
922 2409 944 2474 l.
973 2410 995 2475 l.
1032 2410 1203 2478 contendit
1236 2409 1416 2477 Diodorum

243 2516 380 2585 Olaudii
407 2516 524 2584 merita
544 2517 679 2585 summis
694 2516 848 2585 laudibus
863 2516 979 2584 efferre
999 2517 1214 2602 etcelebrare,
1236 2517 1295 2584 sed
1317 2518 1416 2600 plane

243 2623 447 2691 contrariom
474 2623 675 2691 sententiam
704 2623 852 2691 defendit
879 2625 1061 2691 Mommsen
1087 2623 1129 2690 R.
1153 2624 1192 2691 F.
1217 2625 1256 2690 H
1282 2643 1313 2706 p.
1340 2630 1414 2690 285.

118 2737 129 2748 ”
242 2731 410 2816 Agnoscit
432 2730 598 2799 Diodorus
627 2749 682 2814 ea,
711 2730 829 2812 quibus
858 2730 1016 2801 Olaudius
1045 2728 1168 2814 optime
1195 2729 1333 2796 meritus
1361 2735 1415 2797 est

247 2838 288 2904 de
314 2839 391 2905 urbe
419 2857 447 2905 e.
472 2857 503 2922 g.
529 2837 624 2919 aquis
651 2837 686 2904 in
713 2839 826 2905 urbem
854 2838 962 2905 ductis
990 2841 1026 2905 et
1054 2836 1109 2906 via
1132 2836 1274 2918 munita;
1320 2835 1415 2903 addit

247 2963 334 3028 vero,
357 2945 506 3012 nimirum
521 2948 559 3012 ut
575 2944 742 3011 detrectet
757 2943 847 3011 illius
862 2945 988 3029 laudes,
1013 2964 1086 3012 eum
1101 2963 1213 3012 omnes
1232 2942 1414 3028 publicas

244 3052 398 3136 pecunias
421 3052 466 3119 ad
489 3071 558 3119 sua
587 3051 828 3134 consumpsisse
858 3051 1012 3136 opera⁶¹).
1056 3050 1257 3133 ceteroquin
1284 3050 1414 3118 acerbis

244 3158 341 3226 dictis
364 3158 581 3244 reprehendit
605 3157 780 3240 eumquod
801 3158 966 3226 nonsatis
984 3157 1152 3226 curaverit
1182 3163 1315 3242 patrum
1342 3176 1412 3224 sen-

242 3266 383 3351 tentias,
416 3266 476 3333 sed
499 3265 672 3351 vulgarem
699 3265 891 3349 captaverit
919 3264 1077 3333 favorem.
1124 3265 1224 3332 Haec
1247 3262 1414 3331 sufficiant

241 3373 285 3439 ad
306 3372 523 3440 refellendam
538 3372 742 3456 Buedingeri
758 3371 970 3440 sententiam.
1007 3371 1112 3440 Simul
1129 3391 1201 3440 cum
1213 3369 1414 3454 Buedingeri

239 3480 393 3564 opinione
425 3480 517 3547 cadit
548 3479 717 3548 Nitzschii
747 3479 905 3563 suspicio,
939 3479 994 3561 qui
1022 3480 1042 3546 l.
1066 3481 1087 3546 l.
1113 3501 1144 3564 p.
1170 3485 1232 3543 232
1257 3497 1325 3559 sqq.
1353 3473 1412 3544 On.

236 3587 420 3656 Flavium
444 3588 587 3655 scribam
617 3586 721 3670 Appii
753 3586 912 3654 Olaudii
946 3587 1100 3655 unicum
1127 3584 1264 3654 Diodori
1286 3584 1413 3652 fontem

235 3693 342 3762 fuisse
366 3694 499 3761 statuit.
535 3694 661 3761 Postea
684 3712 763 3761 vero
786 3693 821 3759 in
843 3694 936 3760 Hist.
961 3694 1055 3761 Rom.
1084 3694 1112 3761 Ι.
1129 3713 1159 3776 p.
1180 3699 1242 3757 196
1271 3693 1413 3777 priorem

237 3819 333 3869 suam
357 3801 561 3869 sententiam
584 3802 655 3885 ipse
678 3800 894 3884 improbavit„

720 4018 907 4026 ——u—-cu—
916 4017 933 4026 α-

329 4193 383 4261 Ac
407 4213 448 4260 ne
472 4193 592 4262 desunt
615 4192 743 4277 quidem
768 4192 823 4275 qui
837 4192 1018 4260 Diodorum
1041 4191 1292 4258 commentarios
1308 4189 1409 4258 histo-

236 4299 325 4368 ricos
354 4299 397 4366 ad
425 4303 646 4368 Romanorum
676 4317 729 4367 res
761 4304 954 4383 spectantes
986 4318 1051 4366 non
1080 4319 1099 4366 e
1122 4298 1281 4366 Romanis
1309 4296 1368 4364 sed
1391 4316 1409 4364 e

241 4429 453 4436 —mffl

330 4475 365 4547 ⁵¹)
383 4477 482 4534 Mirum
501 4481 546 4533 est
564 4479 635 4545 quod
653 4478 681 4532 in
699 4477 837 4533 nonnullis
850 4476 989 4534 Ciceronis
1002 4475 1140 4532 codicihns
1152 4475 1258 4545 legitur
1272 4473 1406 4545 „emilio.“

242 4565 286 4623 Sic
306 4565 416 4623 exhibet
434 4567 493 4624 cod.
511 4567 544 4625 Ε.
564 4566 596 4630 0.
612 4566 724 4624 himilio:
743 4565 776 4622 R.
