3410 5052
768 293 985 352 ..13-

293 466 530 548 posterioribus
552 464 656 550 libris,
681 485 753 533 cum
777 467 998 534 Romanorum
1021 485 1075 533 res
1099 466 1461 552 aOarthaginiensium

294 575 329 639 et
353 570 555 641 Graecorum
584 572 651 638 iam
674 572 732 642 vix
761 573 891 657 possint
921 572 1077 658 discerni,
1107 572 1257 642 Graecos
1286 575 1462 660 praecipue

294 681 448 747 auctores
460 679 640 747 Diodorum
655 678 828 763 primarios
841 685 990 749 secutum
1002 699 1076 748 esse
1087 680 1198 749 fontes
1209 681 1462 765 haudquaquam

292 786 382 854 inter
405 806 442 855 se
465 786 656 871 discrepant
678 785 743 855 viri
765 787 864 855 docti.
903 787 941 854 Ε.
966 807 997 872 g.
1018 787 1197 868 Timaeum,
1214 789 1460 875 Hieronymum,

291 893 467 979 Philinum,
490 895 673 979 Polybium,
695 894 907 963 Posidonium
921 895 956 962 in
971 913 1066 963 usum
1081 915 1174 964 suum
1195 897 1371 967 convertit.
1409 899 1460 965 116

293 1001 402 1069 661161
432 1005 467 1069 61
495 1001 658 1070 intentior
686 1001 728 1070 lis
760 1007 813 1070 est
840 1003 881 1070 de
907 1002 1055 1071 fontibus
1083 1023 1104 1071 a
1130 1003 1275 1072 Diodoro
1301 1004 1337 1073 in
1367 1003 1461 1072 libris

292 1107 472 1178 XI-XX
494 1108 663 1177 adhibitis.

449 1624 512 1722 De
543 1622 731 1724 Diodori
762 1627 940 1726 ratione
972 1623 1299 1744 chronologica.

378 1856 521 1924 Ineunte
543 1857 610 1924 iam
636 1858 721 1925 libro
748 1859 806 1927 XI
832 1859 916 1928 lasti
937 1858 1076 1927 Diodori
1103 1877 1162 1926 sex
1189 1856 1284 1924 annis
1307 1875 1459 1940 praecur-

289 1967 368 2032 runt
384 1962 492 2032 fastos
509 1964 725 2048 Capitolinos.
763 1966 857 2053 Quae
880 1965 1106 2050 discrepantia
1121 1963 1320 2032 deminuitur
1341 1963 1460 2031 omisso

290 2072 464 2139 consulatu
488 2072 529 2159 Q.
552 2072 649 2140 Fabii
679 2076 715 2140 61
746 2072 782 2141 Ο.
806 2073 891 2141 Julii
914 2073 958 2160 (a.
991 2080 1064 2140 272.
1098 2071 1140 2139 cf.
1168 2071 1241 2140 Liy.
1269 2070 1458 2157 Π43,1);

287 2182 432 2263 augetur
458 2198 538 2247 vero
566 2179 685 2248 omisso
713 2180 755 2247 61.
784 2184 837 2260 82,
869 2187 883 2244 1
915 2214 958 2237 =
981 2182 1071 2266 vulg.
1101 2179 1142 2247 61.
1173 2183 1225 2261 80,
1256 2177 1459 2245 361111161-

289 2285 398 2369 posito
422 2286 597 2355 consulatu
619 2287 658 2354 L.
677 2286 826 2373 Quinctii
848 2287 1040 2356 Cincinnati
1067 2291 1102 2354 et
1124 2287 1169 2352 M.
1187 2283 1287 2351 Fabii
1302 2283 1461 2357 Vibulani

289 2392 344 2475 (ol.
363 2399 414 2472 82,
441 2399 469 2458 3.
487 2394 574 2470 XII,
600 2396 643 2478 3),
666 2394 718 2462 ita
741 2398 779 2462 ut
802 2394 898 2462 initio
921 2395 998 2463 libri
1014 2395 1091 2462 XII
1113 2393 1180 2461 iam
1194 2393 1376 2460 habeamus
1399 2391 1461 2458 dif-

291 2498 469 2567 ferentiam
499 2506 626 2584 septem
658 2520 816 2570 annorum
846 2521 930 2584 quae
960 2501 1172 2570 intercalatis
1204 2499 1390 2568 consulibus
1420 2499 1459 2566 L.

288 2607 445 2693 Quinctio
469 2611 504 2674 et
519 2607 564 2675 A.
582 2607 771 2694 Sempronio
795 2608 852 2695 (ol.
878 2615 929 2693 90,
957 2615 985 2674 1.
1008 2609 1086 2675 XII
1104 2608 1158 2695 77)
1174 2607 1208 2674 in
1231 2607 1295 2673 fine
1316 2606 1461 2674 eiusdem

285 2713 364 2782 libri
394 2714 516 2782 crescit
546 2732 648 2797 usque
680 2716 723 2783 ad
754 2735 858 2784 annos
890 2718 975 2783 6616.
1027 2714 1109 2783 Oum
1139 2715 1228 2782 inter
1257 2713 1354 2780 finem
1384 2713 1460 2780 libri

286 2822 365 2889 XII
380 2825 415 2890 et
435 2821 568 2889 initium
583 2821 660 2889 libri
675 2823 773 2890 XIII
796 2822 937 2904 quinque
960 2821 1114 2905 deinceps
1138 2839 1296 2889 annorum
1319 2820 1461 2905 collegia

291 2929 490 3016 (331—335)
514 2929 695 2997 aDiodoro
718 2928 929 3012 omittantur,
950 2928 991 2995 de
1014 2928 1239 3011 discrepantia
1263 2933 1338 2996 octo
1361 2947 1460 2996 anno·

288 3052 359 3100 rum
383 3035 525 3117 quinque
549 3035 775 3104 detrahuntur.
821 3037 964 3104 Ineunte
991 3035 1075 3103 libro
1098 3038 1170 3107 XV
1191 3036 1316 3120 repetit
1338 3034 1459 3102 Diodo-

285 3159 343 3208 rus
360 3140 501 3226 collegia
517 3161 675 3210 annorum
699 3149 884 3225 sco-364,
901 3141 952 3210 ita
971 3147 1011 3210 ut
1025 3143 1111 3212 idem
1126 3143 1245 3213 vitium
1269 3147 1343 3211 octo
1359 3162 1459 3210 anno-

286 3266 358 3313 rum
387 3266 625 3332 recuperemus.
682 3249 809 3318 Oontra
837 3250 910 3319 XV
924 3251 964 3314 75
992 3269 1091 3318 unum
1125 3254 1258 3318 tantum
1289 3253 1459 3332 computat

288 3355 468 3422 anarchiae
491 3375 612 3424 annum
636 3356 795 3439 simulque
818 3355 947 3423 omittit
970 3356 1144 3443 collequm
1167 3358 1246 3425 anni
1269 3363 1332 3421 387
1350 3359 1459 3441 (roga-

285 3461 393 3529 tiones
421 3462 571 3531 IIcinias
595 3464 753 3546 Sextias).
799 3463 910 3531 Medio
939 3463 1044 3548 igitur
1069 3464 1154 3531 libro
1176 3465 1249 3536 XV
1271 3462 1458 3530 differentia

285 3573 384 3636 extat
406 3569 507 3638 trium
530 3575 663 3639 tantum
684 3590 852 3640 annorum.
891 3571 998 3637 Plane
1018 3570 1190 3639 euanescit
1213 3569 1457 3654 praetermissis

284 3676 380 3745 annis
409 3676 599 3746 dictatoriis
623 3683 698 3763 421,
723 3684 799 3762 430,
825 3684 888 3742 445
913 3677 964 3744 ita
987 3681 1026 3744 ut
1054 3677 1160 3745 medio
1182 3677 1266 3746 libro
1289 3678 1360 3745 XX
1383 3697 1457 3745 con·

283 3788 408 3870 gruant
430 3784 514 3853 fasti
536 3786 675 3853 Diodori.
698 3805 771 3854 cum
794 3784 1003 3870 capitolinis.

377 3893 501 3960 Pastos
516 3893 655 3962 Diodori
678 3893 790 3975 aliqua
812 3896 911 3976 parte
933 3891 1042 3959 redire
1065 3892 1108 3958 ad
1131 3892 1387 3976 magistratuum
1409 3892 1457 3958 in-

285 3998 376 4068 dices
409 3999 612 4083 antiquiores
644 4005 680 4069 et
711 4001 862 4069 meliores
894 4018 991 4082 quam
1021 3999 1112 4069 Livii
1141 4003 1177 4066 et
1207 3998 1362 4085 Dionysii
1390 3999 1457 4067 iam

282 4105 380 4173 multi
409 4112 649 4191 perspexerunt
683 4107 748 4177 viri
786 4107 885 4175 docti.
940 4108 980 4173 Ε.
1010 4126 1041 4191 g.
1070 4108 1252 4175 Mommsen
1278 4105 1320 4175 R.
1348 4108 1387 4174 P.
1417 4107 1457 4174 Π

283 4233 314 4297 p.
332 4219 395 4278 222
411 4232 484 4297 sqq.
509 4214 650 4300 singulis
673 4214 874 4283 examinatis
898 4212 1055 4296 exemplis
1079 4213 1181 4282 evicit
1203 4233 1303 4298 saepe
1319 4214 1457 4282 Diodori

283 4318 383 4389 fastis
406 4321 563 4389 maiorem
587 4320 837 4390 attribuendam
860 4339 934 4390 esse
956 4319 1053 4387 fidem
1076 4339 1173 4402 quam
1197 4320 1284 4389 aliis.
1322 4321 1455 4388 Matzat

284 4426 405 4509 aliique
426 4427 600 4497 eDiodori
614 4428 777 4496 fastorum
800 4431 922 4495 natura
946 4429 1142 4510 extorquere
1165 4427 1302 4495 student
1325 4429 1455 4511 qualem

282 4533 451 4602 annalium
480 4534 675 4618 scriptorem
704 4538 839 4603 secutus
867 4533 913 4602 sit
935 4533 1109 4603 Diodorus.
1145 4533 1227 4602 Cum
1249 4553 1328 4605 uero
1351 4537 1454 4621 magi-
