3366 5052
699 299 920 358 ..59...

225 476 344 545 bellum
360 475 477 560 gessit,
495 471 643 558 sequitur
659 472 932 542 sessoremante
945 491 1065 542 annum
1089 481 1130 540 47
1143 475 1280 544 tabulas
1292 474 1392 557 scrip·

226 585 318 652 sisse.
354 585 539 672 Praeterea
561 580 675 666 procul
691 580 788 648 dubio
804 579 973 649 dissensus
988 585 1085 650 extat
1100 583 1189 649 inter
1204 583 1395 650 archontem

225 691 469 776 Theophemum
484 723 526 745 =
546 695 583 754 61
611 708 641 756 a.
666 689 744 756 Ohr.
767 708 798 754 n.
820 687 874 772 (cf.
899 687 1021 756 Euseb.
1045 690 1064 757 I
1083 711 1114 774 p.
1138 697 1211 774 295,
1230 694 1284 773 33)
1301 693 1336 756 et
1352 689 1393 755 ol.

228 803 408 863 181=53
437 817 466 864 a.
496 795 572 865 Ohr.
601 817 632 863 n.
666 795 722 883 (ci.
752 795 874 863 Euseb.
910 797 931 864 I
960 821 990 880 p.
1022 803 1095 881 265,
1121 803 1163 879 5).
1211 797 1292 865 Oum
1315 815 1394 865 vero

229 905 404 975 Castorem
437 904 536 972 finem
569 902 688 971 fecisse
723 922 795 970 cum
830 902 1036 987 uueopuemo
1071 905 1229 972 archonte
1264 910 1396 974 constet

227 1012 279 1098 (cf.
324 1011 446 1079 Euseb.
492 1011 513 1078 I
546 1031 578 1094 p.
620 1016 681 1075 183
724 1015 760 1080 et
804 1009 893 1098 295),
940 1011 1155 1097 sagacissime
1208 1012 1396 1096 suspicatur

227 1118 448 1188 Wachsmuth
477 1117 564 1201 apud
590 1118 770 1186 Eusebium
797 1137 828 1200 p.
859 1123 934 1196 265,
960 1125 977 1182 5
1011 1137 1070 1201 pro
1097 1116 1291 1188 CLXXXI
1318 1120 1395 1190 scri·

227 1226 368 1296 bandum
391 1244 465 1293 esse
481 1223 674 1293 CLXXIX
691 1256 732 1280 =
751 1229 791 1288 61
817 1243 847 1290 a.
873 1223 948 1292 Ohr.
973 1244 1016 1310 n.,
1040 1225 1091 1292 ita
1113 1229 1151 1292 ut
1167 1226 1308 1294 tollatur
1331 1227 1396 1295 dis·

227 1353 351 1402 sensus.
396 1331 484 1400 Nam
512 1332 552 1399 ol.
584 1339 656 1414 179,
686 1331 957 1414 dI'heophemns
986 1330 1131 1401 Athenis
1159 1337 1233 1401 crat
1264 1336 1395 1403 archon.

313 1439 440 1508 Eadem
467 1439 598 1507 ratione
627 1439 694 1507 iam
722 1437 840 1506 nuder
867 1438 902 1506 in
930 1439 1097 1507 Herodoti
1125 1440 1268 1510 editione
1295 1441 1397 1509 Dido-

226 1548 322 1616 tiana
344 1569 375 1632 p.
403 1553 463 1613 177
488 1546 594 1615 locum
618 1545 863 1614 emendaverat.

315 1653 440 1743 Quodsi
471 1674 556 1738 quae
583 1653 690 1720 adhuc
713 1653 754 1721 de
785 1653 983 1740 fragmentis
1010 1654 1088 1723 libri
1110 1657 1182 1726 VH
1211 1657 1255 1723 ad
1277 1657 1397 1724 Roma-

227 1782 340 1831 norum
360 1782 414 1831 res
430 1767 546 1848 gestas
562 1761 792 1846 spectantibus
809 1761 1060 1847 disputavimus,
1078 1763 1186 1831 animo
1201 1767 1396 1848 repetemus,

227 1871 403 1939 maximam
427 1873 559 1954 partem
573 1868 753 1937 Diodorum
768 1867 920 1937 (lastoris
937 1869 1175 1955 chronologicis
1199 1872 1317 1939 debere
1340 1891 1398 1955 pro

229 1989 318 2047 certo
349 1981 500 2044 statuere
529 1975 655 2044 licebit.
716 1977 900 2044 Praeterea
934 1979 972 2043 ut
1012 1975 1047 2042 in
1088 1977 1182 2045 libris
1220 1979 1400 2046 XI-XX

227 2085 326 2153 Fabii
354 2084 495 2153 Graecis
523 2083 699 2154 annalibus
722 2101 801 2152 usus
833 2103 905 2151 esse
932 2082 1077 2164 videtur,
1110 2083 1175 2152 uisi
1204 2084 1291 2152 forte
1326 2086 1398 2168 quis

229 2192 334 2261 credit
358 2192 459 2259 alium
482 2191 645 2275 quendam
668 2193 852 2268 auctorem,
884 2190 940 2273 qui
961 2190 1101 2258 Fabium
1132 2190 1167 2257 in
1190 2210 1283 2260 usum
1306 2212 1399 2260 suum

167 2337 170 2344 ‚
228 2302 451 2384 converterat,
484 2299 673 2367 aDiodoro
705 2318 778 2366 esse
802 2296 996 2367 adhibitum.
1043 2297 1102 2367 Sin
1126 2303 1237 2366 autem
1259 2299 1399 2367 Fabium

228 2405 631 2493 ipsumnsmparit,(quod
640 2424 697 2473 cur
705 2425 860 2492 negemus
869 2405 1242 2490 nonvide0)uecessa1io
1252 2407 1400 2490 sequitur

228 2519 265 2585 ut
282 2515 388 2599 prima
410 2533 488 2600 pars
512 2514 692 2600 fragmenti
710 2521 727 2578 3
746 2513 876 2582 aliunde
891 2513 1003 2581 nescio
1027 2533 1089 2597 quo
1106 2534 1146 2581 ex
1161 2514 1253 2582 fonte
1277 2515 1323 2582 sit
1346 2513 1399 2582 de·

228 2626 389 2708 prompta.
418 2623 498 2690 Jam
514 2641 614 2707 supra
625 2620 844 2708 cogitavimus
857 2620 896 2688 de
908 2620 1057 2706 Polybio.
1094 2623 1187 2709 Quae
1212 2623 1400 2689 coniectura

230 2729 478 2799 commendatur
510 2729 708 2813 praesertim
743 2748 781 2796 eo
816 2727 901 2813 quod
935 2728 1099 2797 Diodorus
1134 2728 1271 2796 eundem
1299 2733 1400 2812 atque

228 2836 387 2920 Polybius
417 2836 528 2920 prodit
558 2856 679 2904 annum
709 2837 799 2904 urbis
835 2836 997 2905 conditae.
1057 2835 1190 2905 Gentius
1224 2835 1401 2921 quidquam

229 2944 395 3014 enucleari
417 2944 476 3012 rix
497 2944 632 3029 poterit.
680 2944 840 3013 Similiter
859 2964 912 3012 res
935 2962 972 3011 se
995 2945 1098 3012 habet
1121 2963 1194 3012 cum
1213 2944 1400 3029 fragmento

230 3059 258 3131 2,
290 3071 368 3118 nam
398 3051 471 3134 quis
494 3051 552 3118 ille
580 3071 600 3119 a
623 3050 769 3119 Diodoro
801 3057 836 3120 et
860 3072 881 3119 a
903 3052 1054 3124 Varrone
1086 3052 1254 3121 adhibitus
1285 3055 1401 3118 auctor

229 3158 339 3243 huerit,
364 3157 544 3226 diiudicare
566 3177 632 3227 non
654 3158 768 3226 audeo.

709 3430 919 3438 μ.-

351 3713 414 3812 Ile
447 3711 721 3832 fragmentis
752 3709 982 3812 librorum
1014 3711 1121 3810 VIII
1154 3714 1200 3810 et
1230 3712 1283 3810 II.

317 3910 573 3997 Progrediamur
593 3929 679 3978 nnnc
700 3909 743 3977 ad
764 3929 804 3978 ea
824 3911 1025 3998 fragmenta,
1048 3929 1132 3994 quae
1152 3910 1187 3978 ln
1202 3911 1295 3979 libris
1311 3911 1403 3982 VIII

229 4025 264 4088 et
286 4021 325 4088 X
349 4019 469 4087 adres
493 4037 514 4086 a
537 4018 670 4104 regibus
691 4020 913 4087 Romanorum
936 4023 1051 4104 gestas
1075 4021 1240 4102 spectant.
1281 4019 1401 4105 Quam·

229 4145 328 4211 quam
357 4126 538 4195 Diodorum
569 4125 609 4193 de
639 4127 772 4212 regibus
795 4127 1016 4194 Romanorum
1048 4125 1150 4194 multo
1183 4124 1343 4208 copiosius
1367 4130 1402 4193 et

228 4235 332 4303 fusius
340 4252 438 4317 quam
446 4233 486 4302 de
494 4233 678 4302 libcraerei
685 4233 838 4317 publicae
847 4232 1088 4317 antiquissimis
1096 4233 1297 4317 temporibus
1308 4253 1401 4301 enar·

229 4361 325 4411 rasse
346 4361 433 4409 nunc
466 4341 569 4409 etiam
589 4341 834 4434 cognoscimus
867 4344 980 4408 tamen
1011 4339 1111 4408 facile
1138 4339 1252 4425 potuit·
1271 4341 1343 4408 fieri
1364 4345 1403 4408 ut

228 4451 287 4518 ille
303 4450 367 4517 hac
383 4468 509 4532 quoque
524 4451 559 4517 in
578 4454 677 4533 parte
690 4449 800 4532 operis
817 4446 931 4515 eodem
951 4465 1028 4516 usus
1049 4448 1096 4517 sit
1117 4447 1284 4515 annalium
1301 4447 1401 4531 scrip-

229 4562 323 4636 tore,
356 4577 418 4641 quo
450 4558 485 4625 in
516 4557 611 4625 libris
648 4556 872 4639 sequentibus.
918 4556 1177 4624 Demonstratur
1212 4554 1299 4622 enim
1327 4555 1402 4622 reli·
