3366 5052
700 311 920 371 ,47-

586 555 646 652 Do
679 553 817 652 Fabio
850 555 1038 654 Pictore.

313 717 441 784 Restat
461 716 565 801 igitur
587 720 626 784 ut
650 716 829 802 diligenter
852 715 1073 784 examinemus
1097 722 1133 784 et
1155 718 1393 802 perpendamus

221 823 429 890 sententiam
449 842 559 890 eorum
579 823 633 906 qui
648 824 748 891 Fabii
762 824 907 891 Pictoris
923 823 1070 892 Graecos
1091 826 1229 893 annales
1247 825 1282 892 in
1301 845 1395 894 usum

218 949 318 997 suum
341 930 545 999 convertisse
568 930 747 998 Diodorum
770 931 982 999 contendunt.

314 1040 441 1106 Breues
457 1037 691 1106 adnotationes
706 1038 884 1106 historicas
904 1039 1053 1122 aliasque
1076 1038 1300 1122 proprietates
1314 1040 1393 1108 Dio-

217 1145 296 1212 dori
320 1146 443 1228 optime
467 1145 630 1226 quadrare
654 1145 697 1211 ad
720 1145 967 1228 antiquissimos
982 1146 1203 1213 Romanorum
1225 1148 1394 1215 annalium

217 1252 403 1336 scriptores
432 1271 565 1335 quorum
593 1252 627 1320 iu
654 1271 787 1320 numero
810 1253 936 1322 Fabius
964 1253 1101 1337 primum
1128 1255 1258 1320 obtinet
1288 1256 1393 1321 locum

221 1377 326 1442 supra
340 1358 490 1426 diximus.
518 1358 619 1443 Apud
629 1359 808 1427 Diodorum
819 1380 874 1428 res
885 1366 1004 1446 gestae
1020 1361 1221 1446 singulorum
1236 1381 1394 1430 annorum

217 1466 310 1533 inter
339 1468 490 1534 consules
516 1486 582 1534 non
610 1467 810 1536 dividuntur.
836 1468 876 1536 oi.
900 1468 975 1536 Liv.
999 1469 1038 1535 X
1062 1474 1114 1552 37,
1141 1474 1194 1534 14:
1226 1469 1393 1551 „Fabius

218 1575 330 1641 ambo
366 1574 547 1641 consules
577 1574 612 1641 iu
644 1573 777 1642 Samnio
809 1579 844 1642 et
875 1575 919 1642 ad
950 1573 1126 1642 Luceriam
1159 1594 1213 1641 res
1248 1576 1393 1660 gessisse

217 1680 337 1748 scribit
368 1681 622 1764 traductumque
652 1682 687 1748 in
716 1683 887 1750 Etruriam
920 1683 1101 1750 exercitum
1137 1681 1211 1768 (sed
1240 1683 1282 1748 ab
1316 1687 1392 1750 utro

217 1788 353 1856 consule
376 1806 440 1854 uon
464 1787 614 1875 adicit).“

306 1894 452 1962 Accedit
461 1896 547 1977 quod
557 1895 747 1980 Diodorum,
761 1896 790 1963 si
804 1895 947 1982 eligendi
958 1899 1163 1979 potestatem
1179 1895 1393 1963 habuitinter

217 2001 368 2070 Graecos
387 2008 422 2068 et
438 2002 580 2070 Latinos
597 2003 745 2080 annales,
761 2002 892 2071 Graece
909 2003 1067 2086 scriptum
1082 2002 1210 2070 fontem
1225 2004 1324 2072 valde
1339 2009 1393 2072 est

217 2107 376 2176 credibile
391 2109 601 2192 praetulisse.
641 2109 802 2178 Similiter
818 2110 922 2176 etiam
937 2110 972 2177 in
987 2110 1201 2192 sequentibus
1216 2110 1310 2177 libris
1325 2111 1392 2178 Ro-

215 2235 387 2284 manorum
409 2235 463 2282 res
486 2220 604 2300 gestas
628 2222 764 2283 enarrat
793 2216 941 2285 Graecos
966 2221 1099 2284 secutus
1127 2215 1247 2301 fontes,
1272 2217 1391 2285 Hiero-

217 2343 357 2407 nymum,
371 2323 556 2406 Polybium,
570 2323 746 2399 Philinum,
763 2323 922 2408 Silenum,
936 2323 1206 2410 Posidonium⁶⁶).
1232 2324 1314 2392 Tum
1326 2344 1391 2392 non

222 2431 309 2497 male
329 2430 448 2498 conicit
463 2430 602 2496 Klimke
623 2431 645 2496 l.
662 2431 684 2496 l.
701 2451 733 2514 p.
751 2437 791 2494 29
818 2434 986 2498 auctorem
1002 2450 1024 2497 a
1038 2430 1184 2499 Diodoro
1209 2431 1391 2499 adhibitum

224 2537 330 2620 ipsum
351 2536 518 2620 stipendia
540 2537 714 2622 meruisse,
743 2537 778 2604 id
801 2539 886 2621 quod
909 2538 1032 2621 optime
1054 2525 1256 2622 intelligitur
1279 2559 1321 2606 ex
1343 2540 1391 2607 eis

220 2663 301 2727 quae
336 2644 407 2712 edit
443 2644 484 2711 de
520 2663 632 2729 pugna
660 2644 805 2712 Alliensi
832 2645 945 2729 (XIV,
974 2647 1050 2731 114)
1085 2651 1120 2712 et
1155 2646 1195 2712 de
1229 2646 1391 2712 Luceriae

224 2752 468 2836 opportunitate
481 2752 601 2837 (XIX,
620 2751 687 2838 72);
704 2752 846 2819 Fabium
857 2771 934 2821 uero
951 2753 1038 2821 bello
1051 2752 1181 2821 Gallico
1197 2752 1390 2819 interfuisse

232 2863 396 2928 testantur
418 2861 559 2942 Eutrop.
583 2861 642 2927 ΙΠ
666 2867 695 2944 5,
720 2859 813 2927 Oros.
836 2861 898 2939 IV,
925 2865 974 2924 13.
1010 2860 1154 2928 Accedit
1177 2860 1263 2941 quod
1284 2859 1320 2926 iu
1343 2860 1392 2927 eis

223 2968 384 3050 partibus,
415 2985 500 3049 quae
528 2967 572 3033 ad
599 2985 653 3034 res
677 2967 847 3034 Romanas
871 2971 1042 3050 spectant,
1070 2966 1235 3034 Diodorus
1258 2967 1391 3051 saepius

221 3075 331 3142 eadem
362 3075 418 3143 vel
452 3093 493 3141 ex
524 3073 640 3140 eadem
674 3072 786 3141 radice
821 3073 1027 3141 conformata
1060 3074 1223 3141 vocabula
1257 3074 1390 3157 saepius

217 3183 356 3267 repetit,
390 3199 488 3263 quam
515 3181 703 3265 elegantem
732 3186 768 3248 et
796 3180 989 3265 diligentem
1018 3179 1114 3246 decet
1143 3185 1322 3248 auctorem.
1348 3181 1389 3247 cf.

212 3290 353 3357 Klimke
384 3289 407 3354 l.
430 3288 453 3354 l.
481 3308 513 3370 p.
540 3293 591 3351 31.
622 3307 650 3354 e.
675 3308 706 3372 g.
731 3288 809 3355 XII
833 3293 884 3354 24.
913 3325 955 3336 -
984 3283 1092 3366 ,,ἀγειν
1122 3293 1164 3363 εἰς
1194 3293 1390 3352 δουλείαν.

212 3399 274 3460 τοῦ
310 3400 344 3460 δὲ
380 3395 581 3472 συκοφάντου
615 3394 772 3474 φήσαντος
804 3398 886 3458 ἰδίαν
920 3391 1021 3459 αὑτοῦ
1055 3395 1133 3459 εἶναι
1169 3394 1309 3474 δούλην
1339 3399 1390 3458 καί

210 3502 293 3586 πρός
333 3500 395 3568 τόν
437 3499 578 3583 ἀρχοντα
615 3501 867 3582 καταστήσαντος
904 3505 1143 3582 δουλαγυγεῖν
1178 3500 1391 3582 προσαγαγών

209 3611 469 3692 κατηγόρησεν
489 3606 534 3684 oie
549 3608 699 3689 δούλης.
724 3616 783 3671 τοῦ
800 3611 832 3672 δὲ
848 3609 1074 3685 διακούσαντος
1088 3608 1145 3690 τὴν
1159 3614 1391 3689 κατηγορίαν

208 3723 264 3782 καί
300 3717 358 3798 τὴν
392 3715 491 3798 κόρην
527 3717 753 3798 ἐγχειρίσαντος
782 3715 1008 3794 ἐπιλαβόμενος
1040 3714 1196 3796 ἀπήγαγεν
1232 3713 1277 3791 ὥς
1309 3719 1391 3779 ἰδίαν

209 3831 229 3890 δ
235 3824 392 3906 ούλην.“
416 3825 471 3892 vel
486 3825 587 3908 XIV,
607 3829 669 3887 116
686 3825 865 3904 „trapetas
881 3827 914 3887 δὲ
929 3825 1089 3903 γενόμενοι
1115 3830 1247 3887 πολλῶν
1262 3819 1391 3886 όπλων

209 3947 280 4008 τοῖς
302 3929 330 3994 τ’
346 3929 531 4006 ἀνόπλοις
554 3923 642 3994 ούσιν
666 3933 818 3995 διέδωκαν
841 3935 891 3994 καί
914 3929 989 4006 τούς
1008 3927 1070 3994 ἀπό
1090 3937 1146 4012 τῆς
1159 3929 1268 4013 χώρας
1283 3929 1390 4010 ἀθροί-

211 4046 321 4120 ζοντες
343 4036 583 4116 καθώπλιζον.“
619 4036 745 4123 Quibus
768 4038 803 4105 in
818 4038 901 4105 locis
924 4036 1089 4104 scribendi
1111 4057 1216 4123 genus
1245 4035 1389 4104 auctoris

305 4217 343 4286 Ι’5)
362 4215 424 4271 Non
436 4214 516 4270 flocci
528 4215 602 4272 iacio
616 4215 688 4284 quod
699 4215 845 4285 praedicat
862 4214 1000 4271 Diodorus
1010 4215 1044 4270 do
1061 4229 1091 4270 sc
1109 4213 1170 4284 ipso
1183 4215 1204 4282 I,
1223 4217 1249 4270 4.
1269 4212 1390 4282 „dodras

206 4309 258 4376 τῆς
283 4305 426 4376 ἡγεμονίας
449 4304 548 4371 ταύτης
573 4305 623 4376 (sc.
647 4305 705 4356 τῶν
722 4304 872 4375 Ῥωμαίων)
895 4303 1003 4376 πράξεις
1026 4302 1142 4375 ἀκριβῶς
1164 4299 1337 4370 ἀνελάβομεν
1360 4303 1389 4352 ἐκ

207 4398 273 4449 τῶν
291 4397 348 4467 παῤ
367 4395 476 4449 ἐκείνοις
497 4393 703 4462 ὑπομνημάτων
722 4393 751 4444 ἐκ
768 4391 879 4445 πολλῶν
906 4394 1014 4466 χρόνων
1035 4393 1248 4465 τετηρημένων.“
1294 4391 1390 4446 Facile

207 4490 309 4556 potest
335 4484 467 4555 cogitari,
492 4483 561 4540 haec
585 4483 726 4554 pertinere
751 4483 787 4539 ad
811 4481 955 4539 Castorem
981 4482 1203 4553 chronologicum
1228 4499 1245 4536 a
1267 4481 1389 4536 Diodoro

210 4573 372 4632 adhibitum
390 4572 505 4629 iontem.
543 4573 578 4629 ci.
598 4570 751 4639 dichorius,
771 4572 805 4626 de
823 4571 906 4630 lastis
924 4589 951 4642 p.
971 4573 1024 4628 825
1043 4572 1103 4627 adn.
