<?xml version="1.0" encoding="UTF-8"?>
<!DOCTYPE html PUBLIC "-//W3C//DTD XHTML 1.0 Transitional//EN"
    "http://www.w3.org/TR/xhtml1/DTD/xhtml1-transitional.dtd">
<html xmlns="http://www.w3.org/1999/xhtml" xml:lang="en" lang="en">
 <head>
  <title>
</title>
<meta http-equiv="Content-Type" content="text/html;charset=utf-8" />
  <meta name='ocr-system' content='tesseract 3.04.00' />
  <meta name='ocr-capabilities' content='ocr_page ocr_carea ocr_par ocr_line ocrx_word'/>
</head>
<body>
  <div class='ocr_page' id='page_1' title='image "./dediodorirerumr00badegoog_0080.png"; bbox 0 0 3366 5052; ppageno 0'>
   <div class='ocr_carea' id='block_1_1' title="bbox 766 253 981 313">
    <p class='ocr_par' dir='ltr' id='par_1_1' title="bbox 766 253 981 313">
     <span class='ocr_line' id='line_1_1' title="bbox 766 253 981 313; baseline -0.009 -13"><span class='ocrx_word' id='word_1_1' title='bbox 766 253 981 313; x_wconf 70' lang='lat'>..71-</span> 
     </span>
    </p>
   </div>
   <div class='ocr_carea' id='block_1_2' title="bbox 282 427 1458 2440">
    <p class='ocr_par' dir='ltr' id='par_1_2' title="bbox 287 427 1458 834">
     <span class='ocr_line' id='line_1_2' title="bbox 291 427 1458 512; baseline 0 -16"><span class='ocrx_word' id='word_1_2' title='bbox 291 427 430 496; x_wconf 92' lang='lat' dir='ltr'>Diodori</span> <span class='ocrx_word' id='word_1_3' title='bbox 445 428 698 512; x_wconf 77' lang='lat' dir='ltr'>descriptionem</span> <span class='ocrx_word' id='word_1_4' title='bbox 714 446 811 512; x_wconf 89' lang='lat' dir='ltr'>quam</span> <span class='ocrx_word' id='word_1_5' title='bbox 824 427 983 496; x_wconf 77' lang='lat' dir='ltr'>Ciceroni.</span> <span class='ocrx_word' id='word_1_6' title='bbox 1020 427 1185 496; x_wconf 90' lang='lat' dir='ltr'>Diodorus</span> <span class='ocrx_word' id='word_1_7' title='bbox 1207 433 1242 495; x_wconf 87' lang='lat' dir='ltr'>et</span> <span class='ocrx_word' id='word_1_8' title='bbox 1257 427 1458 496; x_wconf 79' lang='lat' dir='ltr'>Plutarchus</span> 
     </span>
     <span class='ocr_line' id='line_1_3' title="bbox 289 535 1457 620; baseline 0.001 -17"><span class='ocrx_word' id='word_1_9' title='bbox 289 535 434 603; x_wconf 80' lang='lat' dir='ltr'><strong>fratrum</strong></span> <span class='ocrx_word' id='word_1_10' title='bbox 457 537 657 614; x_wconf 87' lang='lat' dir='ltr'>comitatem,</span> <span class='ocrx_word' id='word_1_11' title='bbox 681 535 975 620; x_wconf 79' lang='lat' dir='ltr'>mansuetudinem,</span> <span class='ocrx_word' id='word_1_12' title='bbox 998 535 1170 603; x_wconf 89' lang='lat' dir='ltr'>benifioam</span> <span class='ocrx_word' id='word_1_13' title='bbox 1186 535 1381 619; x_wconf 85' lang='lat' dir='ltr'>praedicant</span> <span class='ocrx_word' id='word_1_14' title='bbox 1404 556 1457 606; x_wconf 87' lang='lat' dir='ltr'>vo·</span> 
     </span>
     <span class='ocr_line' id='line_1_4' title="bbox 288 643 1457 738; baseline 0.002 -28"><span class='ocrx_word' id='word_1_15' title='bbox 288 643 463 711; x_wconf 87' lang='lat' dir='ltr'>luntatem.</span> <span class='ocrx_word' id='word_1_16' title='bbox 503 645 578 732; x_wconf 79' lang='lat' dir='ltr'>Qua</span> <span class='ocrx_word' id='word_1_17' title='bbox 601 644 642 711; x_wconf 87' lang='lat' dir='ltr'>de</span> <span class='ocrx_word' id='word_1_18' title='bbox 665 662 703 712; x_wconf 88' lang='lat' dir='ltr'>re</span> <span class='ocrx_word' id='word_1_19' title='bbox 724 647 819 711; x_wconf 89' lang='lat' dir='ltr'>tacet</span> <span class='ocrx_word' id='word_1_20' title='bbox 843 643 967 711; x_wconf 78' lang='lat' dir='ltr'>Cicero.</span> <span class='ocrx_word' id='word_1_21' title='bbox 1007 645 1113 710; x_wconf 91' lang='lat' dir='ltr'>Porro</span> <span class='ocrx_word' id='word_1_22' title='bbox 1136 643 1268 738; x_wconf 77' lang='lat' dir='ltr'>Cicero:</span> <span class='ocrx_word' id='word_1_23' title='bbox 1293 645 1457 729; x_wconf 81' lang='lat' dir='ltr'>„corporis</span> 
     </span>
     <span class='ocr_line' id='line_1_5' title="bbox 287 750 869 834; baseline -0.005 -13"><span class='ocrx_word' id='word_1_24' title='bbox 287 751 413 821; x_wconf 83' lang='lat' dir='ltr'>viribus</span> <span class='ocrx_word' id='word_1_25' title='bbox 437 750 601 834; x_wconf 80' lang='lat' dir='ltr'><strong>animique</strong></span> <span class='ocrx_word' id='word_1_26' title='bbox 623 751 869 820; x_wconf 78' lang='lat' dir='ltr'>ferocitate“</span> 
     </span>
    </p>

    <p class='ocr_par' dir='ltr' id='par_1_3' title="bbox 376 856 1457 944">
     <span class='ocr_line' id='line_1_6' title="bbox 376 856 1457 944; baseline -0.001 -18"><span class='ocrx_word' id='word_1_27' title='bbox 376 859 555 928; x_wconf 84' lang='lat' dir='ltr'>Diodorus:</span> <span class='ocrx_word' id='word_1_28' title='bbox 588 860 710 944; x_wconf 75' lang='grc' dir='ltr'>1,κάλλει</span> <span class='ocrx_word' id='word_1_29' title='bbox 738 864 789 924; x_wconf 80' lang='grc' dir='ltr'>καὶ</span> <span class='ocrx_word' id='word_1_30' title='bbox 817 857 939 941; x_wconf 50' lang='lat' dir='ltr'>(iniust.</span> <span class='ocrx_word' id='word_1_31' title='bbox 994 856 1210 926; x_wconf 75' lang='lat' dir='ltr'>Plutarchus:</span> <span class='ocrx_word' id='word_1_32' title='bbox 1247 861 1385 944; x_wconf 58' lang='grc' dir='ltr'>μεγέθει</span> <span class='ocrx_word' id='word_1_33' title='bbox 1408 865 1457 925; x_wconf 79' lang='grc' dir='ltr'>καὶ</span> 
     </span>
    </p>

    <p class='ocr_par' dir='ltr' id='par_1_4' title="bbox 375 968 472 1031">
     <span class='ocr_line' id='line_1_7' title="bbox 375 968 472 1031; baseline 0 -1"><span class='ocrx_word' id='word_1_34' title='bbox 375 968 472 1031; x_wconf 75' lang='grc' dir='ltr'><strong><em>ἰὸἑσ.“</em></strong></span> 
     </span>
    </p>

    <p class='ocr_par' dir='ltr' id='par_1_5' title="bbox 282 1071 1456 2440">
     <span class='ocr_line' id='line_1_8' title="bbox 383 1071 1455 1158; baseline 0 -18"><span class='ocrx_word' id='word_1_35' title='bbox 383 1073 563 1141; x_wconf 90' lang='lat' dir='ltr'>Diodorum</span> <span class='ocrx_word' id='word_1_36' title='bbox 595 1077 630 1140; x_wconf 90' lang='lat' dir='ltr'>et</span> <span class='ocrx_word' id='word_1_37' title='bbox 659 1071 876 1140; x_wconf 81' lang='lat' dir='ltr'>Plutarchum</span> <span class='ocrx_word' id='word_1_38' title='bbox 916 1072 959 1138; x_wconf 91' lang='lat' dir='ltr'>ad</span> <span class='ocrx_word' id='word_1_39' title='bbox 993 1071 1131 1139; x_wconf 87' lang='lat' dir='ltr'>eundem</span> <span class='ocrx_word' id='word_1_40' title='bbox 1173 1071 1280 1139; x_wconf 90' lang='lat' dir='ltr'>redire</span> <span class='ocrx_word' id='word_1_41' title='bbox 1321 1073 1455 1158; x_wconf 84' lang='lat' dir='ltr'>fontem,</span> 
     </span>
     <span class='ocr_line' id='line_1_9' title="bbox 287 1178 1456 1267; baseline 0 -19"><span class='ocrx_word' id='word_1_42' title='bbox 287 1180 427 1266; x_wconf 82' lang='lat' dir='ltr'>cogitari</span> <span class='ocrx_word' id='word_1_43' title='bbox 457 1185 579 1265; x_wconf 89' lang='lat' dir='ltr'>potest.</span> <span class='ocrx_word' id='word_1_44' title='bbox 628 1180 721 1267; x_wconf 77' lang='lat' dir='ltr'>Quae</span> <span class='ocrx_word' id='word_1_45' title='bbox 753 1181 783 1246; x_wconf 90' lang='lat' dir='ltr'>si</span> <span class='ocrx_word' id='word_1_46' title='bbox 812 1184 905 1247; x_wconf 86' lang='lat' dir='ltr'>recte</span> <span class='ocrx_word' id='word_1_47' title='bbox 929 1199 965 1247; x_wconf 89' lang='lat' dir='ltr'>se</span> <span class='ocrx_word' id='word_1_48' title='bbox 992 1178 1095 1246; x_wconf 91' lang='lat' dir='ltr'>habet</span> <span class='ocrx_word' id='word_1_49' title='bbox 1120 1180 1298 1258; x_wconf 87' lang='lat' dir='ltr'>sententia,</span> <span class='ocrx_word' id='word_1_50' title='bbox 1322 1199 1456 1250; x_wconf 83' lang='lat' dir='ltr'>revoca-</span> 
     </span>
     <span class='ocr_line' id='line_1_10' title="bbox 285 1286 1455 1372; baseline 0.002 -17"><span class='ocrx_word' id='word_1_51' title='bbox 285 1308 358 1355; x_wconf 90' lang='lat' dir='ltr'>mur</span> <span class='ocrx_word' id='word_1_52' title='bbox 381 1289 424 1356; x_wconf 88' lang='lat' dir='ltr'>ad</span> <span class='ocrx_word' id='word_1_53' title='bbox 447 1288 587 1356; x_wconf 77' lang='lat' dir='ltr'>Fabium</span> <span class='ocrx_word' id='word_1_54' title='bbox 611 1289 703 1355; x_wconf 92' lang='lat' dir='ltr'>cuius</span> <span class='ocrx_word' id='word_1_55' title='bbox 726 1287 901 1355; x_wconf 88' lang='lat' dir='ltr'>annalibus</span> <span class='ocrx_word' id='word_1_56' title='bbox 917 1286 1119 1355; x_wconf 81' lang='lat' dir='ltr'>Plutarchus</span> <span class='ocrx_word' id='word_1_57' title='bbox 1141 1287 1177 1355; x_wconf 93' lang='lat' dir='ltr'>in</span> <span class='ocrx_word' id='word_1_58' title='bbox 1200 1287 1251 1354; x_wconf 92' lang='lat' dir='ltr'>his</span> <span class='ocrx_word' id='word_1_59' title='bbox 1275 1289 1316 1355; x_wconf 89' lang='lat' dir='ltr'>de</span> <span class='ocrx_word' id='word_1_60' title='bbox 1339 1288 1455 1372; x_wconf 90' lang='lat' dir='ltr'>quibus</span> 
     </span>
     <span class='ocr_line' id='line_1_11' title="bbox 285 1393 1455 1479; baseline 0.001 -17"><span class='ocrx_word' id='word_1_61' title='bbox 285 1395 490 1479; x_wconf 80' lang='lat' dir='ltr'>disputamus</span> <span class='ocrx_word' id='word_1_62' title='bbox 520 1395 685 1479; x_wconf 86' lang='lat' dir='ltr'>capitibus</span> <span class='ocrx_word' id='word_1_63' title='bbox 713 1395 868 1479; x_wconf 91' lang='lat' dir='ltr'>primario</span> <span class='ocrx_word' id='word_1_64' title='bbox 892 1393 984 1461; x_wconf 87' lang='lat' dir='ltr'>fonte</span> <span class='ocrx_word' id='word_1_65' title='bbox 1008 1413 1044 1461; x_wconf 91' lang='lat' dir='ltr'>se</span> <span class='ocrx_word' id='word_1_66' title='bbox 1071 1413 1165 1463; x_wconf 89' lang='lat' dir='ltr'>usum</span> <span class='ocrx_word' id='word_1_67' title='bbox 1187 1414 1261 1462; x_wconf 89' lang='lat' dir='ltr'>esse</span> <span class='ocrx_word' id='word_1_68' title='bbox 1289 1395 1360 1478; x_wconf 89' lang='lat' dir='ltr'>ipse</span> <span class='ocrx_word' id='word_1_69' title='bbox 1382 1415 1455 1479; x_wconf 90' lang='lat' dir='ltr'>pro·</span> 
     </span>
     <span class='ocr_line' id='line_1_12' title="bbox 284 1501 1455 1587; baseline 0.001 -17"><span class='ocrx_word' id='word_1_70' title='bbox 284 1503 401 1570; x_wconf 87' lang='lat' dir='ltr'>fitetur</span> <span class='ocrx_word' id='word_1_71' title='bbox 422 1503 457 1569; x_wconf 95' lang='lat' dir='ltr'>in</span> <span class='ocrx_word' id='word_1_72' title='bbox 480 1520 575 1586; x_wconf 83' lang='lat' dir='ltr'>capp.</span> <span class='ocrx_word' id='word_1_73' title='bbox 602 1508 631 1586; x_wconf 86' lang='lat'>3,</span> <span class='ocrx_word' id='word_1_74' title='bbox 658 1509 688 1566; x_wconf 86' lang='lat'>8.</span> <span class='ocrx_word' id='word_1_75' title='bbox 733 1501 879 1569; x_wconf 86' lang='lat' dir='ltr'>Difficile</span> <span class='ocrx_word' id='word_1_76' title='bbox 903 1505 956 1569; x_wconf 87' lang='lat' dir='ltr'>est</span> <span class='ocrx_word' id='word_1_77' title='bbox 980 1501 1172 1586; x_wconf 76' lang='lat' dir='ltr'>duodicem,</span> <span class='ocrx_word' id='word_1_78' title='bbox 1197 1521 1273 1570; x_wconf 90' lang='lat' dir='ltr'>num</span> <span class='ocrx_word' id='word_1_79' title='bbox 1295 1503 1455 1587; x_wconf 85' lang='lat' dir='ltr'>Polybius</span> 
     </span>
     <span class='ocr_line' id='line_1_13' title="bbox 284 1609 1455 1694; baseline 0 -17"><span class='ocrx_word' id='word_1_80' title='bbox 284 1628 411 1692; x_wconf 87' lang='lat' dir='ltr'>quoque</span> <span class='ocrx_word' id='word_1_81' title='bbox 435 1609 574 1676; x_wconf 82' lang='lat' dir='ltr'>Fabium</span> <span class='ocrx_word' id='word_1_82' title='bbox 598 1609 729 1689; x_wconf 88' lang='lat' dir='ltr'>adierit,</span> <span class='ocrx_word' id='word_1_83' title='bbox 754 1628 826 1676; x_wconf 87' lang='lat' dir='ltr'>curn</span> <span class='ocrx_word' id='word_1_84' title='bbox 848 1609 948 1693; x_wconf 88' lang='lat' dir='ltr'>plane</span> <span class='ocrx_word' id='word_1_85' title='bbox 971 1609 1159 1694; x_wconf 81' lang='lat' dir='ltr'>ignoramus</span> <span class='ocrx_word' id='word_1_86' title='bbox 1190 1629 1274 1693; x_wconf 84' lang='lat' dir='ltr'>qnae</span> <span class='ocrx_word' id='word_1_87' title='bbox 1296 1611 1455 1694; x_wconf 88' lang='lat' dir='ltr'>Polybius</span> 
     </span>
     <span class='ocr_line' id='line_1_14' title="bbox 286 1716 1453 1802; baseline 0 -18"><span class='ocrx_word' id='word_1_88' title='bbox 286 1737 304 1784; x_wconf 88' lang='lat' dir='ltr'>e</span> <span class='ocrx_word' id='word_1_89' title='bbox 334 1717 428 1784; x_wconf 85' lang='lat' dir='ltr'>fonte</span> <span class='ocrx_word' id='word_1_90' title='bbox 462 1735 531 1801; x_wconf 87' lang='lat' dir='ltr'>sno,</span> <span class='ocrx_word' id='word_1_91' title='bbox 564 1716 680 1783; x_wconf 81' lang='lat' dir='ltr'>Oicero</span> <span class='ocrx_word' id='word_1_92' title='bbox 715 1737 733 1783; x_wconf 91' lang='lat' dir='ltr'>e</span> <span class='ocrx_word' id='word_1_93' title='bbox 764 1716 903 1800; x_wconf 86' lang='lat' dir='ltr'>Polybio</span> <span class='ocrx_word' id='word_1_94' title='bbox 938 1716 1144 1802; x_wconf 83' lang='lat' dir='ltr'>repetiverit,</span> <span class='ocrx_word' id='word_1_95' title='bbox 1177 1738 1261 1800; x_wconf 88' lang='lat' dir='ltr'>quae</span> <span class='ocrx_word' id='word_1_96' title='bbox 1296 1717 1453 1786; x_wconf 80' lang='lat' dir='ltr'>omiserit.</span> 
     </span>
     <span class='ocr_line' id='line_1_15' title="bbox 282 1823 1453 1909; baseline 0.001 -19"><span class='ocrx_word' id='word_1_97' title='bbox 282 1823 463 1892; x_wconf 91' lang='lat' dir='ltr'>Diodorum</span> <span class='ocrx_word' id='word_1_98' title='bbox 492 1841 552 1890; x_wconf 89' lang='lat' dir='ltr'>sna</span> <span class='ocrx_word' id='word_1_99' title='bbox 576 1826 762 1890; x_wconf 89' lang='lat' dir='ltr'>mutuatum</span> <span class='ocrx_word' id='word_1_100' title='bbox 791 1843 866 1890; x_wconf 87' lang='lat' dir='ltr'>esse</span> <span class='ocrx_word' id='word_1_101' title='bbox 890 1843 907 1890; x_wconf 87' lang='lat' dir='ltr'>e</span> <span class='ocrx_word' id='word_1_102' title='bbox 930 1824 1071 1907; x_wconf 91' lang='lat' dir='ltr'>Polybio</span> <span class='ocrx_word' id='word_1_103' title='bbox 1094 1824 1152 1892; x_wconf 83' lang='lat' dir='ltr'>vix</span> <span class='ocrx_word' id='word_1_104' title='bbox 1173 1829 1286 1909; x_wconf 88' lang='lat' dir='ltr'>potest</span> <span class='ocrx_word' id='word_1_105' title='bbox 1310 1843 1453 1908; x_wconf 87' lang='lat' dir='ltr'>compro·</span> 
     </span>
     <span class='ocr_line' id='line_1_16' title="bbox 283 1927 1453 2012; baseline 0.002 -16"><span class='ocrx_word' id='word_1_106' title='bbox 283 1931 357 1997; x_wconf 87' lang='lat' dir='ltr'>bari</span> <span class='ocrx_word' id='word_1_107' title='bbox 379 1931 444 1997; x_wconf 90' lang='lat' dir='ltr'>nisi</span> <span class='ocrx_word' id='word_1_108' title='bbox 467 1929 554 1997; x_wconf 85' lang='lat' dir='ltr'>forte</span> <span class='ocrx_word' id='word_1_109' title='bbox 578 1929 650 2012; x_wconf 89' lang='lat' dir='ltr'>quis</span> <span class='ocrx_word' id='word_1_110' title='bbox 674 1929 780 1996; x_wconf 87' lang='lat' dir='ltr'>credit</span> <span class='ocrx_word' id='word_1_111' title='bbox 797 1927 988 1997; x_wconf 78' lang='lat' dir='ltr'>Ciceronem</span> <span class='ocrx_word' id='word_1_112' title='bbox 1010 1930 1046 1997; x_wconf 94' lang='lat' dir='ltr'>in</span> <span class='ocrx_word' id='word_1_113' title='bbox 1069 1931 1184 1998; x_wconf 92' lang='lat' dir='ltr'>eadem</span> <span class='ocrx_word' id='word_1_114' title='bbox 1208 1932 1394 2000; x_wconf 85' lang='lat' dir='ltr'>enarranda</span> <span class='ocrx_word' id='word_1_115' title='bbox 1416 1951 1453 1998; x_wconf 88' lang='lat' dir='ltr'>ro</span> 
     </span>
     <span class='ocr_line' id='line_1_17' title="bbox 283 2036 1453 2122; baseline 0 -17"><span class='ocrx_word' id='word_1_116' title='bbox 283 2039 450 2122; x_wconf 89' lang='lat' dir='ltr'>permulta</span> <span class='ocrx_word' id='word_1_117' title='bbox 476 2037 663 2105; x_wconf 84' lang='lat' dir='ltr'>detraxisse</span> <span class='ocrx_word' id='word_1_118' title='bbox 685 2037 825 2120; x_wconf 92' lang='lat' dir='ltr'>Polybio</span> <span class='ocrx_word' id='word_1_119' title='bbox 853 2056 959 2119; x_wconf 90' lang='lat' dir='ltr'>neque</span> <span class='ocrx_word' id='word_1_120' title='bbox 986 2036 1050 2104; x_wconf 89' lang='lat' dir='ltr'>fide</span> <span class='ocrx_word' id='word_1_121' title='bbox 1076 2039 1261 2107; x_wconf 78' lang='lat' dir='ltr'>reddidisse</span> <span class='ocrx_word' id='word_1_122' title='bbox 1285 2043 1453 2107; x_wconf 87' lang='lat' dir='ltr'>auctorem</span> 
     </span>
     <span class='ocr_line' id='line_1_18' title="bbox 284 2143 1453 2228; baseline 0.002 -17"><span class='ocrx_word' id='word_1_123' title='bbox 284 2165 365 2212; x_wconf 87' lang='lat' dir='ltr'>ase</span> <span class='ocrx_word' id='word_1_124' title='bbox 389 2144 585 2213; x_wconf 90' lang='lat' dir='ltr'>adhibitum.</span> <span class='ocrx_word' id='word_1_125' title='bbox 632 2144 732 2211; x_wconf 78' lang='lat' dir='ltr'>Tales</span> <span class='ocrx_word' id='word_1_126' title='bbox 755 2162 834 2213; x_wconf 83' lang='lat' dir='ltr'>vcro</span> <span class='ocrx_word' id='word_1_127' title='bbox 859 2143 1062 2228; x_wconf 88' lang='lat' dir='ltr'>suspiciones</span> <span class='ocrx_word' id='word_1_128' title='bbox 1090 2145 1176 2213; x_wconf 90' lang='lat' dir='ltr'>omni</span> <span class='ocrx_word' id='word_1_129' title='bbox 1199 2150 1316 2216; x_wconf 88' lang='lat' dir='ltr'>carent</span> <span class='ocrx_word' id='word_1_130' title='bbox 1338 2145 1453 2214; x_wconf 85' lang='lat' dir='ltr'>funda·</span> 
     </span>
     <span class='ocr_line' id='line_1_19' title="bbox 282 2252 1453 2338; baseline 0.001 -19"><span class='ocrx_word' id='word_1_131' title='bbox 282 2258 409 2336; x_wconf 88' lang='lat' dir='ltr'>mento,</span> <span class='ocrx_word' id='word_1_132' title='bbox 442 2271 514 2319; x_wconf 90' lang='lat' dir='ltr'>oum</span> <span class='ocrx_word' id='word_1_133' title='bbox 536 2252 669 2336; x_wconf 91' lang='lat' dir='ltr'>Polybii</span> <span class='ocrx_word' id='word_1_134' title='bbox 706 2252 825 2319; x_wconf 89' lang='lat' dir='ltr'>librum</span> <span class='ocrx_word' id='word_1_135' title='bbox 847 2253 900 2324; x_wconf 77' lang='lat' dir='ltr'>vi</span> <span class='ocrx_word' id='word_1_136' title='bbox 930 2258 1113 2335; x_wconf 89' lang='lat' dir='ltr'>temporum</span> <span class='ocrx_word' id='word_1_137' title='bbox 1145 2253 1324 2338; x_wconf 86' lang='lat' dir='ltr'>iniquitate</span> <span class='ocrx_word' id='word_1_138' title='bbox 1353 2254 1453 2323; x_wconf 84' lang='lat' dir='ltr'>valde</span> 
     </span>
     <span class='ocr_line' id='line_1_20' title="bbox 282 2357 1153 2440; baseline -0.001 -15"><span class='ocrx_word' id='word_1_139' title='bbox 282 2359 471 2427; x_wconf 89' lang='lat' dir='ltr'>mutilatum</span> <span class='ocrx_word' id='word_1_140' title='bbox 495 2378 567 2426; x_wconf 91' lang='lat' dir='ltr'>oum</span> <span class='ocrx_word' id='word_1_141' title='bbox 591 2358 751 2426; x_wconf 79' lang='lat' dir='ltr'>Cicerone</span> <span class='ocrx_word' id='word_1_142' title='bbox 775 2357 923 2425; x_wconf 84' lang='lat' dir='ltr'>conferre</span> <span class='ocrx_word' id='word_1_143' title='bbox 946 2377 1153 2440; x_wconf 78' lang='lat' dir='ltr'>nequeamus,</span> 
     </span>
    </p>
   </div>
   <div class='ocr_carea' id='block_1_3' title="bbox 676 2571 995 2640">
    <p class='ocr_par' dir='ltr' id='par_1_6' title="bbox 676 2571 995 2640">
     <span class='ocr_line' id='line_1_21' title="bbox 676 2571 995 2640; baseline 0.003 -4"><span class='ocrx_word' id='word_1_144' title='bbox 676 2579 705 2638; x_wconf 89' lang='lat'>8.</span> <span class='ocrx_word' id='word_1_145' title='bbox 729 2572 814 2639; x_wconf 85' lang='lat' dir='ltr'>Lib.</span> <span class='ocrx_word' id='word_1_146' title='bbox 838 2573 877 2640; x_wconf 91' lang='lat' dir='ltr'>X</span> <span class='ocrx_word' id='word_1_147' title='bbox 898 2571 939 2638; x_wconf 84' lang='lat' dir='ltr'>fr.</span> <span class='ocrx_word' id='word_1_148' title='bbox 967 2576 995 2637; x_wconf 90' lang='lat'>1.</span> 
     </span>
    </p>
   </div>
   <div class='ocr_carea' id='block_1_4' title="bbox 279 2696 1452 2999">
    <p class='ocr_par' dir='ltr' id='par_1_7' title="bbox 279 2696 1452 2999">
     <span class='ocr_line' id='line_1_22' title="bbox 371 2696 1451 2784; baseline 0.001 -19"><span class='ocrx_word' id='word_1_149' title='bbox 371 2698 447 2766; x_wconf 88' lang='lat' dir='ltr'>Hoc</span> <span class='ocrx_word' id='word_1_150' title='bbox 469 2699 692 2784; x_wconf 84' lang='lat' dir='ltr'>fragmentum</span> <span class='ocrx_word' id='word_1_151' title='bbox 716 2701 849 2781; x_wconf 89' lang='lat' dir='ltr'>spectat</span> <span class='ocrx_word' id='word_1_152' title='bbox 881 2696 925 2765; x_wconf 93' lang='lat' dir='ltr'>ad</span> <span class='ocrx_word' id='word_1_153' title='bbox 947 2696 1098 2767; x_wconf 84' lang='lat' dir='ltr'>Servium</span> <span class='ocrx_word' id='word_1_154' title='bbox 1128 2697 1280 2783; x_wconf 74' lang='lat' dir='ltr'>Tullium,</span> <span class='ocrx_word' id='word_1_155' title='bbox 1305 2718 1326 2767; x_wconf 87' lang='lat' dir='ltr'>a</span> <span class='ocrx_word' id='word_1_156' title='bbox 1348 2697 1451 2766; x_wconf 84' lang='lat' dir='ltr'>Lucio</span> 
     </span>
     <span class='ocr_line' id='line_1_23' title="bbox 282 2803 1452 2893; baseline 0 -20"><span class='ocrx_word' id='word_1_157' title='bbox 282 2805 472 2890; x_wconf 73' lang='lat' dir='ltr'>Tarquinio,</span> <span class='ocrx_word' id='word_1_158' title='bbox 496 2804 670 2888; x_wconf 75' lang='lat' dir='ltr'>Tarquinii</span> <span class='ocrx_word' id='word_1_159' title='bbox 692 2803 801 2873; x_wconf 89' lang='lat' dir='ltr'>Prisci</span> <span class='ocrx_word' id='word_1_160' title='bbox 822 2803 943 2893; x_wconf 54' lang='lat' dir='ltr'>filiom)</span> <span class='ocrx_word' id='word_1_161' title='bbox 969 2805 1004 2871; x_wconf 93' lang='lat' dir='ltr'>in</span> <span class='ocrx_word' id='word_1_162' title='bbox 1031 2804 1123 2872; x_wconf 88' lang='lat' dir='ltr'>curia</span> <span class='ocrx_word' id='word_1_163' title='bbox 1147 2805 1297 2874; x_wconf 88' lang='lat' dir='ltr'>occisum.</span> <span class='ocrx_word' id='word_1_164' title='bbox 1343 2808 1452 2874; x_wconf 84' lang='lat' dir='ltr'>Juxta</span> 
     </span>
     <span class='ocr_line' id='line_1_24' title="bbox 279 2911 1450 2999; baseline 0.001 -18"><span class='ocrx_word' id='word_1_165' title='bbox 279 2933 400 2999; x_wconf 92' lang='lat' dir='ltr'>ponam</span> <span class='ocrx_word' id='word_1_166' title='bbox 434 2918 470 2981; x_wconf 89' lang='lat' dir='ltr'>et</span> <span class='ocrx_word' id='word_1_167' title='bbox 501 2913 655 2998; x_wconf 89' lang='lat' dir='ltr'>Dionysii</span> <span class='ocrx_word' id='word_1_168' title='bbox 685 2917 720 2980; x_wconf 88' lang='lat' dir='ltr'>et</span> <span class='ocrx_word' id='word_1_169' title='bbox 750 2911 888 2980; x_wconf 91' lang='lat' dir='ltr'>Diodori</span> <span class='ocrx_word' id='word_1_170' title='bbox 920 2911 1130 2980; x_wconf 81' lang='lat' dir='ltr'>narrationes</span> <span class='ocrx_word' id='word_1_171' title='bbox 1160 2917 1198 2979; x_wconf 91' lang='lat' dir='ltr'>ut</span> <span class='ocrx_word' id='word_1_172' title='bbox 1228 2913 1450 2982; x_wconf 86' lang='lat' dir='ltr'>examinemus</span> 
     </span>
    </p>
   </div>
   <div class='ocr_carea' id='block_1_5' title="bbox 277 3017 1452 4270">
    <p class='ocr_par' dir='ltr' id='par_1_8' title="bbox 280 3017 1081 3105">
     <span class='ocr_line' id='line_1_25' title="bbox 280 3017 1081 3105; baseline -0.007 -15"><span class='ocrx_word' id='word_1_173' title='bbox 280 3021 387 3105; x_wconf 87' lang='lat' dir='ltr'>qualis</span> <span class='ocrx_word' id='word_1_174' title='bbox 417 3021 506 3088; x_wconf 89' lang='lat' dir='ltr'>ratio</span> <span class='ocrx_word' id='word_1_175' title='bbox 533 3020 722 3088; x_wconf 85' lang='lat' dir='ltr'>intercedat</span> <span class='ocrx_word' id='word_1_176' title='bbox 748 3019 838 3088; x_wconf 89' lang='lat' dir='ltr'>inter</span> <span class='ocrx_word' id='word_1_177' title='bbox 865 3039 934 3087; x_wconf 89' lang='lat' dir='ltr'>eas.</span> <span class='ocrx_word' id='word_1_178' title='bbox 979 3017 1081 3102; x_wconf 90' lang='lat' dir='ltr'>Apud</span> 
     </span>
    </p>

    <p class='ocr_par' dir='ltr' id='par_1_9' title="bbox 326 3124 1267 3196">
     <span class='ocr_line' id='line_1_26' title="bbox 326 3124 1267 3196; baseline 0.001 -13"><span class='ocrx_word' id='word_1_179' title='bbox 326 3127 442 3196; x_wconf 88' lang='lat' dir='ltr'>Dionys.</span> <span class='ocrx_word' id='word_1_180' title='bbox 461 3125 501 3182; x_wconf 88' lang='lat' dir='ltr'>IV</span> <span class='ocrx_word' id='word_1_181' title='bbox 519 3127 554 3182; x_wconf 87' lang='grc'>38</span> <span class='ocrx_word' id='word_1_182' title='bbox 572 3124 691 3196; x_wconf 80' lang='lat' dir='ltr'>legimus</span> <span class='ocrx_word' id='word_1_183' title='bbox 709 3125 786 3182; x_wconf 87' lang='lat' dir='ltr'>haec.</span> <span class='ocrx_word' id='word_1_184' title='bbox 1076 3125 1181 3181; x_wconf 88' lang='lat' dir='ltr'>Diodor</span> <span class='ocrx_word' id='word_1_185' title='bbox 1198 3126 1224 3180; x_wconf 91' lang='lat' dir='ltr'>X</span> <span class='ocrx_word' id='word_1_186' title='bbox 1244 3128 1267 3184; x_wconf 93' lang='lat' dir='ltr'>l.</span> 
     </span>
    </p>

    <p class='ocr_par' dir='ltr' id='par_1_10' title="bbox 277 3211 1452 4270">
     <span class='ocr_line' id='line_1_27' title="bbox 333 3211 1451 3288; baseline -0.002 -18"><span class='ocrx_word' id='word_1_187' title='bbox 333 3214 427 3270; x_wconf 62' lang='lat' dir='ltr'>cisalo</span> <span class='ocrx_word' id='word_1_188' title='bbox 445 3213 506 3271; x_wconf 72' lang='lat' dir='ltr'>deis</span> <span class='ocrx_word' id='word_1_189' title='bbox 523 3213 557 3268; x_wconf 80' lang='grc' dir='ltr'>τὸ</span> <span class='ocrx_word' id='word_1_190' title='bbox 575 3211 714 3287; x_wconf 76' lang='grc' dir='ltr'><strong><em>συνέδριον</em></strong></span> <span class='ocrx_word' id='word_1_191' title='bbox 732 3220 776 3267; x_wconf 78' lang='grc' dir='ltr'>καὶ</span> <span class='ocrx_word' id='word_1_192' title='bbox 789 3214 839 3268; x_wconf 74' lang='grc' dir='ltr'>τὸν</span> <span class='ocrx_word' id='word_1_193' title='bbox 947 3214 989 3268; x_wconf 80' lang='grc' dir='ltr'>ὅτι</span> <span class='ocrx_word' id='word_1_194' title='bbox 1013 3213 1136 3286; x_wconf 78' lang='grc' dir='ltr'>Σερούιος</span> <span class='ocrx_word' id='word_1_195' title='bbox 1163 3213 1274 3271; x_wconf 77' lang='grc' dir='ltr'>Τύλλιος</span> <span class='ocrx_word' id='word_1_196' title='bbox 1302 3218 1451 3288; x_wconf 72' lang='grc' dir='ltr'><strong><em>Ταρκυνίου</em></strong></span> 
     </span>
     <span class='ocr_line' id='line_1_28' title="bbox 283 3301 1450 3379; baseline -0.005 -21"><span class='ocrx_word' id='word_1_197' title='bbox 283 3308 431 3379; x_wconf 80' lang='grc' dir='ltr'><strong><em>Ταρκύνιον</em></strong></span> <span class='ocrx_word' id='word_1_198' title='bbox 438 3302 505 3359; x_wconf 72' lang='lat' dir='ltr'>idolo</span> <span class='ocrx_word' id='word_1_199' title='bbox 511 3305 605 3371; x_wconf 78' lang='grc' dir='ltr'><strong><em>ἒπλτῆε</em></strong></span> <span class='ocrx_word' id='word_1_200' title='bbox 610 3301 745 3372; x_wconf 77' lang='grc' dir='ltr'><strong><em>βασιλικῆς</em></strong></span> <span class='ocrx_word' id='word_1_201' title='bbox 752 3306 837 3373; x_wconf 49' lang='lat' dir='ltr'>uasto·</span> <span class='ocrx_word' id='word_1_202' title='bbox 892 3304 1057 3372; x_wconf 70' lang='grc' dir='ltr'>ἐπιθεμένου</span> <span class='ocrx_word' id='word_1_203' title='bbox 1075 3305 1273 3376; x_wconf 69' lang='grc' dir='ltr'>παραγενηθεὶς</span> <span class='ocrx_word' id='word_1_204' title='bbox 1285 3308 1321 3361; x_wconf 75' lang='grc' dir='ltr'>εἰς</span> <span class='ocrx_word' id='word_1_205' title='bbox 1338 3305 1372 3359; x_wconf 83' lang='grc' dir='ltr'>τὸ</span> <span class='ocrx_word' id='word_1_206' title='bbox 1385 3313 1450 3376; x_wconf 78' lang='grc' dir='ltr'>βου.</span> 
     </span>
     <span class='ocr_line' id='line_1_29' title="bbox 277 3390 1448 3468; baseline -0.003 -19"><span class='ocrx_word' id='word_1_207' title='bbox 277 3416 363 3463; x_wconf 78' lang='grc' dir='ltr'><strong><em>μενον</em></strong></span> <span class='ocrx_word' id='word_1_208' title='bbox 380 3392 459 3468; x_wconf 75' lang='grc' dir='ltr'><strong><em>ἕδρας</em></strong></span> <span class='ocrx_word' id='word_1_209' title='bbox 478 3398 521 3446; x_wconf 78' lang='grc' dir='ltr'>καὶ</span> <span class='ocrx_word' id='word_1_210' title='bbox 539 3393 591 3446; x_wconf 78' lang='grc' dir='ltr'>τὸν</span> <span class='ocrx_word' id='word_1_211' title='bbox 608 3390 693 3446; x_wconf 82' lang='grc' dir='ltr'><strong><em>ἄλλον</em></strong></span> <span class='ocrx_word' id='word_1_212' title='bbox 701 3392 838 3462; x_wconf 78' lang='grc' dir='ltr'><strong><em>βασίλειον</em></strong></span> <span class='ocrx_word' id='word_1_213' title='bbox 892 3392 1040 3466; x_wconf 80' lang='grc' dir='ltr'><strong><em>λευτήριοο,</em></strong></span> <span class='ocrx_word' id='word_1_214' title='bbox 1063 3398 1109 3445; x_wconf 69' lang='grc' dir='ltr'>καὶ</span> <span class='ocrx_word' id='word_1_215' title='bbox 1116 3393 1285 3464; x_wconf 74' lang='grc' dir='ltr'><strong><em>θεασάμενος</em></strong></span> <span class='ocrx_word' id='word_1_216' title='bbox 1306 3393 1358 3460; x_wconf 75' lang='grc' dir='ltr'>τὴν</span> <span class='ocrx_word' id='word_1_217' title='bbox 1383 3394 1448 3446; x_wconf 56' lang='grc' dir='ltr'>καθ)</span> 
     </span>
     <span class='ocr_line' id='line_1_30' title="bbox 278 3480 1451 3556; baseline -0.001 -20"><span class='ocrx_word' id='word_1_218' title='bbox 278 3486 375 3551; x_wconf 69' lang='grc' dir='ltr'><strong><em>ἔχοντα</em></strong></span> <span class='ocrx_word' id='word_1_219' title='bbox 384 3485 487 3552; x_wconf 76' lang='grc' dir='ltr'><strong><em>κόσμον</em></strong></span> <span class='ocrx_word' id='word_1_220' title='bbox 495 3487 562 3543; x_wconf 69' lang='lat' dir='ltr'>„ria</span> <span class='ocrx_word' id='word_1_221' title='bbox 572 3480 838 3556; x_wconf 79' lang='grc' dir='ltr'><strong><em>ελπεοῶμιαρώτατε</em></strong></span> <span class='ocrx_word' id='word_1_222' title='bbox 892 3484 990 3535; x_wconf 75' lang='grc' dir='ltr'><strong><em>ἑαυτοῦ</em></strong></span> <span class='ocrx_word' id='word_1_223' title='bbox 1012 3483 1190 3556; x_wconf 72' lang='grc' dir='ltr'>παραωοοὴν,</span> <span class='ocrx_word' id='word_1_224' title='bbox 1214 3484 1346 3535; x_wconf 79' lang='grc' dir='ltr'><strong><em>τοσοῦτον</em></strong></span> <span class='ocrx_word' id='word_1_225' title='bbox 1362 3483 1451 3551; x_wconf 80' lang='grc' dir='ltr'><strong><em>μόνον</em></strong></span> 
     </span>
     <span class='ocr_line' id='line_1_31' title="bbox 277 3569 1451 3648; baseline -0.002 -20"><span class='ocrx_word' id='word_1_226' title='bbox 277 3575 439 3648; x_wconf 70' lang='grc' dir='ltr'>ἀνθρώπων</span> <span class='ocrx_word' id='word_1_227' title='bbox 447 3573 531 3626; x_wconf 78' lang='grc' dir='ltr'><strong><em>τοῦτό</em></strong></span> <span class='ocrx_word' id='word_1_228' title='bbox 540 3592 580 3625; x_wconf 84' lang='grc' dir='ltr'>σοι</span> <span class='ocrx_word' id='word_1_229' title='bbox 588 3571 621 3625; x_wconf 73' lang='grc' dir='ltr'>τὸ</span> <span class='ocrx_word' id='word_1_230' title='bbox 631 3574 715 3640; x_wconf 80' lang='grc' dir='ltr'><strong><em>σχῆμα</em></strong></span> <span class='ocrx_word' id='word_1_231' title='bbox 727 3574 837 3639; x_wconf 61' lang='lat' dir='ltr'>conspat-</span> <span class='ocrx_word' id='word_1_232' title='bbox 893 3571 960 3632; x_wconf 73' lang='grc' dir='ltr'><strong><em>εἶπε,</em></strong></span> <span class='ocrx_word' id='word_1_233' title='bbox 972 3571 1035 3640; x_wconf 82' lang='grc' dir='ltr'>τίςὴ</span> <span class='ocrx_word' id='word_1_234' title='bbox 1044 3569 1141 3640; x_wconf 86' lang='grc' dir='ltr'><strong><em>τόλμα,</em></strong></span> <span class='ocrx_word' id='word_1_235' title='bbox 1159 3572 1286 3644; x_wconf 76' lang='grc' dir='ltr'>Ταρκύνιε</span> <span class='ocrx_word' id='word_1_236' title='bbox 1290 3593 1301 3636; x_wconf 91' lang='lat'><em>;</em></span> <span class='ocrx_word' id='word_1_237' title='bbox 1318 3571 1333 3624; x_wconf 79' lang='grc' dir='ltr'><strong>ὁ</strong></span> <span class='ocrx_word' id='word_1_238' title='bbox 1345 3569 1375 3624; x_wconf 77' lang='grc' dir='ltr'>δὲ</span> <span class='ocrx_word' id='word_1_239' title='bbox 1386 3573 1451 3626; x_wconf 76' lang='grc' dir='ltr'>ὑπσ-</span> 
     </span>
     <span class='ocr_line' id='line_1_32' title="bbox 277 3659 1452 3738; baseline 0.001 -21"><span class='ocrx_word' id='word_1_240' title='bbox 277 3662 470 3738; x_wconf 78' lang='grc' dir='ltr'><strong><em>ρησελοβετν.“</em></strong></span> <span class='ocrx_word' id='word_1_241' title='bbox 489 3661 573 3718; x_wconf 74' lang='lat' dir='ltr'>ualde</span> <span class='ocrx_word' id='word_1_242' title='bbox 589 3659 747 3730; x_wconf 76' lang='grc' dir='ltr'><strong><em>ὑπολαβών,</em></strong></span> <span class='ocrx_word' id='word_1_243' title='bbox 764 3663 838 3730; x_wconf 82' lang='grc' dir='ltr'><strong><em>,,ἡσή</em></strong></span> <span class='ocrx_word' id='word_1_244' title='bbox 893 3660 996 3730; x_wconf 69' lang='grc' dir='ltr'><strong><em>λαβὼν,</em></strong></span> <span class='ocrx_word' id='word_1_245' title='bbox 1022 3663 1038 3729; x_wconf 81' lang='grc' dir='ltr'><em>ἡ</em></span> <span class='ocrx_word' id='word_1_246' title='bbox 1060 3665 1112 3730; x_wconf 74' lang='grc' dir='ltr'>μὲν</span> <span class='ocrx_word' id='word_1_247' title='bbox 1130 3659 1180 3714; x_wconf 72' lang='grc' dir='ltr'>οὖν</span> <span class='ocrx_word' id='word_1_248' title='bbox 1203 3661 1244 3728; x_wconf 80' lang='grc' dir='ltr'>σή,</span> <span class='ocrx_word' id='word_1_249' title='bbox 1263 3664 1332 3731; x_wconf 81' lang='grc' dir='ltr'><strong><em>φησί,</em></strong></span> <span class='ocrx_word' id='word_1_250' title='bbox 1355 3681 1404 3722; x_wconf 72' lang='grc' dir='ltr'>τις,</span> <span class='ocrx_word' id='word_1_251' title='bbox 1424 3661 1452 3718; x_wconf 82' lang='grc' dir='ltr'>ὃς</span> 
     </span>
     <span class='ocr_line' id='line_1_33' title="bbox 277 3749 1452 3821; baseline -0.001 -16"><span class='ocrx_word' id='word_1_252' title='bbox 277 3752 366 3821; x_wconf 86' lang='grc' dir='ltr'><strong><em>τόλμα</em></strong></span> <span class='ocrx_word' id='word_1_253' title='bbox 384 3757 428 3804; x_wconf 80' lang='grc' dir='ltr'>καὶ</span> <span class='ocrx_word' id='word_1_254' title='bbox 440 3749 570 3811; x_wconf 76' lang='grc' dir='ltr'><strong><em>ἀναίδεια,</em></strong></span> <span class='ocrx_word' id='word_1_255' title='bbox 588 3751 674 3812; x_wconf 74' lang='grc' dir='ltr'>εἶπεν,</span> <span class='ocrx_word' id='word_1_256' title='bbox 692 3749 715 3804; x_wconf 82' lang='grc' dir='ltr'><em>ὦ</em></span> <span class='ocrx_word' id='word_1_257' title='bbox 737 3752 838 3812; x_wconf 78' lang='grc' dir='ltr'><strong><em>Τύλλιε,</em></strong></span> <span class='ocrx_word' id='word_1_258' title='bbox 893 3749 1083 3807; x_wconf 75' lang='grc' dir='ltr'><strong><em>ὃσσλέκδουλος</em></strong></span> <span class='ocrx_word' id='word_1_259' title='bbox 1101 3750 1289 3818; x_wconf 73' lang='grc' dir='ltr'><strong><em>ὢσἩομπὶοιν</em></strong></span> <span class='ocrx_word' id='word_1_260' title='bbox 1300 3750 1452 3819; x_wconf 76' lang='grc' dir='ltr'>βασιλεύειν</span> 
     </span>
     <span class='ocr_line' id='line_1_34' title="bbox 277 3839 1451 3914; baseline 0 -18"><span class='ocrx_word' id='word_1_261' title='bbox 277 3843 306 3900; x_wconf 78' lang='grc' dir='ltr'>ὃς</span> <span class='ocrx_word' id='word_1_262' title='bbox 330 3839 386 3895; x_wconf 75' lang='grc' dir='ltr'>οὐδ’</span> <span class='ocrx_word' id='word_1_263' title='bbox 414 3839 556 3914; x_wconf 74' lang='grc' dir='ltr'><strong><em>ἐλεύθερος</em></strong></span> <span class='ocrx_word' id='word_1_264' title='bbox 579 3841 628 3901; x_wconf 76' lang='grc' dir='ltr'>ὢν,</span> <span class='ocrx_word' id='word_1_265' title='bbox 651 3841 720 3894; x_wconf 73' lang='grc' dir='ltr'><strong><em>ἀλλὰ</em></strong></span> <span class='ocrx_word' id='word_1_266' title='bbox 745 3839 838 3898; x_wconf 76' lang='grc' dir='ltr'><strong><em>δοῦλος</em></strong></span> <span class='ocrx_word' id='word_1_267' title='bbox 892 3839 1036 3908; x_wconf 71' lang='grc' dir='ltr'><strong><em>ἐτόλμησας</em></strong></span> <span class='ocrx_word' id='word_1_268' title='bbox 1078 3844 1122 3891; x_wconf 79' lang='grc' dir='ltr'>καὶ</span> <span class='ocrx_word' id='word_1_269' title='bbox 1162 3841 1208 3906; x_wconf 74' lang='grc' dir='ltr'>τῆς</span> <span class='ocrx_word' id='word_1_270' title='bbox 1248 3842 1298 3892; x_wconf 78' lang='grc' dir='ltr'>τοῦ</span> <span class='ocrx_word' id='word_1_271' title='bbox 1348 3839 1451 3912; x_wconf 77' lang='grc' dir='ltr'><strong><em>πατρὸς</em></strong></span> 
     </span>
     <span class='ocr_line' id='line_1_35' title="bbox 277 3925 1450 4003; baseline -0.003 -18"><span class='ocrx_word' id='word_1_272' title='bbox 277 3935 306 3985; x_wconf 79' lang='grc' dir='ltr'>ἐκ</span> <span class='ocrx_word' id='word_1_273' title='bbox 325 3929 428 3998; x_wconf 75' lang='grc' dir='ltr'><strong><em>δούλης,</em></strong></span> <span class='ocrx_word' id='word_1_274' title='bbox 440 3929 475 3997; x_wconf 73' lang='grc' dir='ltr'>ἣν</span> <span class='ocrx_word' id='word_1_275' title='bbox 487 3930 569 3998; x_wconf 77' lang='grc' dir='ltr'><strong><em>οὑμὸς</em></strong></span> <span class='ocrx_word' id='word_1_276' title='bbox 581 3931 710 3998; x_wconf 68' lang='grc' dir='ltr'><strong><em>ἐκτήσατο</em></strong></span> <span class='ocrx_word' id='word_1_277' title='bbox 727 3933 838 3988; x_wconf 79' lang='grc' dir='ltr'><em>πάππος</em></span> <span class='ocrx_word' id='word_1_278' title='bbox 891 3925 1031 3999; x_wconf 75' lang='grc' dir='ltr'><em>ἡγεμονίας</em></span> <span class='ocrx_word' id='word_1_279' title='bbox 1062 3928 1127 3995; x_wconf 74' lang='grc' dir='ltr'>ἡμῖν</span> <span class='ocrx_word' id='word_1_280' title='bbox 1156 3930 1332 4003; x_wconf 64' lang='grc' dir='ltr'><strong><em>προσηκούσης</em></strong></span> <span class='ocrx_word' id='word_1_281' title='bbox 1375 3930 1450 4003; x_wconf 76' lang='grc' dir='ltr'>παρὰ</span> 
     </span>
     <span class='ocr_line' id='line_1_36' title="bbox 278 4015 1448 4089; baseline -0.003 -15"><span class='ocrx_word' id='word_1_282' title='bbox 278 4024 306 4074; x_wconf 75' lang='grc' dir='ltr'>ἐκ</span> <span class='ocrx_word' id='word_1_283' title='bbox 324 4023 383 4074; x_wconf 75' lang='grc' dir='ltr'>τῶν</span> <span class='ocrx_word' id='word_1_284' title='bbox 402 4016 591 4087; x_wconf 78' lang='grc' dir='ltr'><strong><em>αἰχμαλώτων,</em></strong></span> <span class='ocrx_word' id='word_1_285' title='bbox 617 4019 763 4089; x_wconf 78' lang='grc' dir='ltr'><strong><em>ἐτόλμησας</em></strong></span> <span class='ocrx_word' id='word_1_286' title='bbox 786 4027 836 4088; x_wconf 82' lang='grc' dir='ltr'>βα·</span> <span class='ocrx_word' id='word_1_287' title='bbox 890 4020 989 4087; x_wconf 75' lang='grc' dir='ltr'><strong><em>νόμους</em></strong></span> <span class='ocrx_word' id='word_1_288' title='bbox 1030 4015 1140 4087; x_wconf 77' lang='grc' dir='ltr'><strong><em>ἀφείλου</em></strong></span> <span class='ocrx_word' id='word_1_289' title='bbox 1182 4019 1233 4086; x_wconf 81' lang='grc' dir='ltr'>τὴν</span> <span class='ocrx_word' id='word_1_290' title='bbox 1273 4016 1336 4071; x_wconf 75' lang='grc' dir='ltr'>οὐδὲ</span> <span class='ocrx_word' id='word_1_291' title='bbox 1382 4020 1448 4071; x_wconf 62' lang='grc' dir='ltr'>καθ)</span> 
     </span>
     <span class='ocr_line' id='line_1_37' title="bbox 277 4101 1451 4181; baseline -0.003 -17"><span class='ocrx_word' id='word_1_292' title='bbox 277 4111 349 4164; x_wconf 66' lang='lat' dir='ltr'>uuida</span> <span class='ocrx_word' id='word_1_293' title='bbox 376 4111 513 4178; x_wconf 69' lang='grc' dir='ltr'><strong><em>Ῥωμαίων</em></strong></span> <span class='ocrx_word' id='word_1_294' title='bbox 540 4108 641 4162; x_wconf 76' lang='grc' dir='ltr'><strong><em>σαυτὸν</em></strong></span> <span class='ocrx_word' id='word_1_295' title='bbox 669 4107 836 4170; x_wconf 79' lang='grc' dir='ltr'>οἰσοδεῑξαι.“</span> <span class='ocrx_word' id='word_1_296' title='bbox 890 4112 938 4160; x_wconf 81' lang='grc' dir='ltr'>ἕνα</span> <span class='ocrx_word' id='word_1_297' title='bbox 957 4127 997 4159; x_wconf 87' lang='grc' dir='ltr'>σοι</span> <span class='ocrx_word' id='word_1_298' title='bbox 1014 4107 1119 4179; x_wconf 78' lang='grc' dir='ltr'><em>τρόπον</em></span> <span class='ocrx_word' id='word_1_299' title='bbox 1137 4101 1335 4176; x_wconf 77' lang='grc' dir='ltr'><strong><em>ἐπιβάλλουσαν</em></strong></span> <span class='ocrx_word' id='word_1_300' title='bbox 1353 4107 1451 4181; x_wconf 67' lang='grc' dir='ltr'><strong><em>ἅρχήνς</em></strong></span> 
     </span>
     <span class='ocr_line' id='line_1_38' title="bbox 277 4194 1449 4270; baseline -0.003 -17"><span class='ocrx_word' id='word_1_301' title='bbox 277 4202 313 4257; x_wconf 76' lang='grc' dir='ltr'>ὥς</span> <span class='ocrx_word' id='word_1_302' title='bbox 331 4199 467 4254; x_wconf 78' lang='grc' dir='ltr'><strong><em>δὲταῦτα</em></strong></span> <span class='ocrx_word' id='word_1_303' title='bbox 486 4197 631 4266; x_wconf 78' lang='grc' dir='ltr'><strong><em>ἤκουσενὸ</em></strong></span> <span class='ocrx_word' id='word_1_304' title='bbox 654 4196 837 4255; x_wconf 76' lang='grc' dir='ltr'><strong><em>Τύλλιος...</em></strong></span> <span class='ocrx_word' id='word_1_305' title='bbox 893 4200 981 4250; x_wconf 79' lang='grc' dir='ltr'><em>ταῦτα</em></span> <span class='ocrx_word' id='word_1_306' title='bbox 1009 4196 1101 4266; x_wconf 76' lang='grc' dir='ltr'><strong><em>λέγων,</em></strong></span> <span class='ocrx_word' id='word_1_307' title='bbox 1129 4197 1186 4265; x_wconf 80' lang='grc' dir='ltr'>ἅμα</span> <span class='ocrx_word' id='word_1_308' title='bbox 1212 4194 1378 4270; x_wconf 67' lang='grc' dir='ltr'>προσέδραμε</span> <span class='ocrx_word' id='word_1_309' title='bbox 1406 4201 1449 4250; x_wconf 78' lang='grc' dir='ltr'>καὶ</span> 
     </span>
    </p>
   </div>
   <div class='ocr_carea' id='block_1_6' title="bbox 276 4427 1448 4593">
    <p class='ocr_par' dir='ltr' id='par_1_11' title="bbox 276 4427 1448 4593">
     <span class='ocr_line' id='line_1_39' title="bbox 368 4427 1448 4506; baseline -0.002 -19"><span class='ocrx_word' id='word_1_310' title='bbox 368 4431 401 4504; x_wconf 74' lang='lat'>²⁶)</span> <span class='ocrx_word' id='word_1_311' title='bbox 420 4431 630 4502; x_wconf 77' lang='lat' dir='ltr'>chronologicis</span> <span class='ocrx_word' id='word_1_312' title='bbox 649 4431 745 4487; x_wconf 87' lang='lat' dir='ltr'>causis</span> <span class='ocrx_word' id='word_1_313' title='bbox 766 4435 916 4487; x_wconf 86' lang='lat' dir='ltr'>commotus</span> <span class='ocrx_word' id='word_1_314' title='bbox 934 4431 1000 4487; x_wconf 88' lang='lat' dir='ltr'>Piso</span> <span class='ocrx_word' id='word_1_315' title='bbox 1019 4429 1182 4486; x_wconf 83' lang='lat' dir='ltr'>defenderat</span> <span class='ocrx_word' id='word_1_316' title='bbox 1199 4427 1315 4485; x_wconf 81' lang='lat' dir='ltr'>Lucium</span> <span class='ocrx_word' id='word_1_317' title='bbox 1333 4429 1448 4506; x_wconf 79' lang='lat' dir='ltr'>Tarqui·</span> 
     </span>
     <span class='ocr_line' id='line_1_40' title="bbox 276 4518 1234 4593; baseline -0.003 -17"><span class='ocrx_word' id='word_1_318' title='bbox 276 4519 352 4586; x_wconf 84' lang='lat' dir='ltr'>nium</span> <span class='ocrx_word' id='word_1_319' title='bbox 370 4519 522 4591; x_wconf 77' lang='lat' dir='ltr'>Superbum</span> <span class='ocrx_word' id='word_1_320' title='bbox 540 4537 594 4580; x_wconf 87' lang='lat' dir='ltr'>non</span> <span class='ocrx_word' id='word_1_321' title='bbox 612 4520 698 4586; x_wconf 87' lang='lat' dir='ltr'>filium</span> <span class='ocrx_word' id='word_1_322' title='bbox 718 4521 770 4578; x_wconf 87' lang='lat' dir='ltr'>sod</span> <span class='ocrx_word' id='word_1_323' title='bbox 789 4524 918 4593; x_wconf 81' lang='lat' dir='ltr'>nopotem</span> <span class='ocrx_word' id='word_1_324' title='bbox 938 4519 1028 4578; x_wconf 85' lang='lat' dir='ltr'>Prisci</span> <span class='ocrx_word' id='word_1_325' title='bbox 1044 4519 1122 4591; x_wconf 79' lang='lat' dir='ltr'>regis</span> <span class='ocrx_word' id='word_1_326' title='bbox 1139 4518 1234 4582; x_wconf 79' lang='lat' dir='ltr'>fuisso.</span> 
     </span>
    </p>
   </div>
   <div class='ocr_carea' id='block_1_7' title="bbox 0 0 1688 5052">
    <p class='ocr_par' dir='ltr' id='par_1_12' title="bbox 0 0 1688 5052">
     <span class='ocr_line' id='line_1_41' title="bbox 0 0 1688 5052; baseline 0 4"><span class='ocrx_word' id='word_1_327' title='bbox 0 0 1688 5052; x_wconf 95' lang='lat' dir='ltr'> </span> 
     </span>
    </p>
   </div>
  </div>
 </body>
</html>
