3366 5052
739 288 959 347 ...76-

267 465 456 548 Qnaeonm
478 464 530 532 ita
553 464 632 541 sint,
657 463 826 533 rideamus
849 483 926 533 num
950 460 1125 549 contingat
1147 467 1186 529 ut
1209 461 1277 530 alia
1300 481 1433 548 progre-

175 556 180 564 ’
266 572 396 640 dientes
422 573 479 641 ria
506 571 631 639 rectius
663 571 788 654 aliquid
818 573 1031 641 enucleemus.
1079 571 1241 638 Fortasse
1269 570 1434 654 Hierony-

265 697 337 746 mus
364 679 403 746 H
430 697 459 762 p.
490 684 528 743 81
563 677 595 746 S.
626 697 742 745 ansam
771 679 964 762 suppeditat
993 677 1098 774 nobis.
1144 676 1301 762 Legimus
1331 677 1432 746 euim:

268 786 410 868 „Remus
426 789 518 852 rutro
540 785 704 869 pastorali
721 805 741 853 a
756 786 880 853 Fabio
896 786 977 854 duce
992 783 1125 854 Romuli
1140 785 1299 852 occisus.“
1339 784 1434 852 Gom-

267 892 443 960 monefecit
469 912 520 959 me
549 892 684 962 Curtius
713 893 943 976 Wachsmuth,
971 895 1168 976 praeceptor
1190 891 1435 959 illustrissimus

265 999 299 1065 in
322 999 519 1084 Hieronymi
541 1000 652 1066 codice
675 1000 764 1066 hand
786 1000 969 1083 spernendo
992 998 1137 1066 Fuxensi
1159 1004 1235 1082 post
1267 1000 1433 1075 ,occisus“

265 1105 383 1173 addita
412 1125 485 1174 esse
512 1107 609 1174 haec:
642 1106 790 1190 „quidam
821 1107 957 1192 abipso
985 1105 1292 1174 Romulodicunt“.
1340 1108 1436 1194 Quae

266 1232 339 1280 cum
362 1213 413 1280 ita
441 1213 509 1280 sint
538 1212 638 1281 facile
660 1231 757 1297 posse
780 1214 922 1300 cogitari
945 1213 1041 1282 Fabii
1063 1231 1180 1280 nomen
1202 1232 1268 1280 non
1290 1212 1378 1281 forte
1400 1215 1435 1282 in

265 1323 395 1387 textum
425 1320 608 1404 irrepsisse.
654 1323 758 1388 Immo
786 1323 873 1389 haud
900 1320 1154 1405 improbuliliter
1181 1321 1288 1388 statui
1315 1321 1435 1388 Hiero-

266 1427 356 1511 nymi
396 1429 499 1496 verba
548 1447 621 1495 esse
664 1427 810 1514 confusa,
853 1429 904 1495 itu
951 1434 990 1496 ut
1035 1427 1171 1510 Fabius,
1219 1447 1314 1510 quem
1352 1430 1436 1496 Hie-

267 1535 394 1618 ronymi
443 1534 516 1602 fons
558 1555 618 1618 pro
656 1539 791 1602 auctore
833 1535 966 1602 fabulae
1002 1535 1128 1617 habuit,
1175 1535 1290 1617 paucis
1333 1536 1436 1604 inter·

267 1641 377 1709 missis
434 1641 544 1710 verbis
590 1641 787 1726 Hieronymi
836 1642 933 1725 culpa
984 1642 1050 1708 dux
1094 1642 1226 1709 Romuli
1276 1641 1437 1726 simulque

266 1748 363 1815 Remi
398 1749 539 1815 occissor
576 1748 687 1816 factus
725 1749 778 1816 sit.
841 1748 906 1836 Qui
944 1767 1044 1833 error,
1084 1767 1182 1832 quam
1219 1748 1318 1816 facile
1357 1751 1437 1817 oriri

266 1853 428 1938 potnerit,
453 1856 575 1939 optime
599 1856 821 1926 illustrabitur
851 1857 999 1941 exemplo
1030 1857 1203 1926 verborum
1234 1855 1437 1927 Graecorum

266 1962 434 2046 proposito
463 1963 498 2029 in
522 1982 584 2045 quo
616 1983 657 2031 aa
687 1983 772 2047 quac
802 1962 1024 2048 Hieronymus
1047 1962 1235 2048 neglexisse
1270 1964 1436 2047 putandus

169 2109 172 2120 ι
266 2071 312 2136 sit
335 2070 427 2136 uncis
451 2071 563 2155 saepsi
585 2068 626 2148 „d
649 2069 753 2147 Ῥὲμος
776 2073 894 2148 λέγεται
921 2068 984 2134 ὑπὸ
1012 2077 1132 2148 Φαβίου
1159 2069 1325 2135 ἐπιστάτου
1352 2069 1438 2146 τινὸς

267 2178 324 2240 τοῦ
339 2174 503 2252 Ῥωμύλου
520 2177 632 2263 (αὐτὸν
647 2176 857 2264 πατάξαντος)
874 2183 1009 2261 σκαφείῳ
1032 2186 1202 2264 notamina
1225 2175 1436 2261 ἀναιρεθῆναι,

266 2283 515 2361 &protospatae
537 2293 629 2350 κτα.“
675 2285 768 2370 Quae
796 2303 867 2352 cum
895 2285 947 2351 ita
975 2284 1043 2351 sint
1066 2285 1124 2352 vix
1145 2286 1392 2353 abhorrebimus
1416 2307 1437 2353 a

264 2390 512 2459 verisimilitate
539 2392 608 2458 rati
630 2392 783 2476 Dionysii
810 2392 1034 2461 narrationem
1062 2412 1126 2475 qua
1151 2392 1247 2461 Oeler
1277 2392 1438 2473 ἐπιστάτης

265 2497 398 2566 Romuli
430 2498 633 2581 appellatur,
665 2499 708 2566 ad
740 2500 840 2567 Fabii
870 2499 979 2569 redire
1010 2499 1258 2568 auctoritatem.
1303 2501 1437 2567 Plutar-

266 2605 361 2671 chum
389 2623 516 2688 quoque
548 2625 588 2673 ca
618 2625 703 2690 quac
734 2607 774 2673 de
798 2607 925 2674 Celeris
960 2607 1108 2674 facinore
1144 2607 1252 2675 obiter
1282 2607 1388 2673 tradit
1419 2625 1438 2673 e

265 2711 371 2780 Fabio
395 2712 583 2797 sumpsisse,
609 2713 657 2782 eis
686 2715 918 2798 comprobatur
941 2733 1025 2795 quae
1049 2731 1150 2795 supra
1173 2733 1204 2795 p.
1232 2720 1272 2778 73
1297 2713 1337 2780 de
1354 2733 1437 2780 com-

264 2819 427 2903 positione
459 2823 553 2889 Rom.
579 2840 672 2904 capp.
699 2828 717 2884 9
742 2825 778 2888 et
805 2826 844 2886 10
869 2821 1018 2887 diximus.
1058 2819 1193 2904 Fabius,
1230 2820 1258 2887 si
1277 2840 1335 2904 pro
1358 2821 1438 2889 Dio-

266 2926 352 3011 nysii
375 2933 411 2996 et
434 2928 609 2995 Plutarchi
631 2927 723 2996 fonte
751 2927 924 2996 habendus
948 2931 1010 3011 est,
1034 2925 1226 3011 neutiquam
1249 2947 1270 2994 a
1294 2928 1438 2996 Diodoro

264 3040 474 3120 potestesse
500 3041 688 3120 usurpatus.

355 3143 391 3213 Si
425 3163 510 3212 nunc
544 3163 629 3228 quae
664 3143 704 3211 de
738 3142 935 3229 fragmentis
969 3141 1046 3209 libb.
1082 3143 1256 3212 VIII-X
1290 3143 1439 3229 disputa-

263 3250 383 3335 vimus,
423 3251 532 3319 animo
571 3251 894 3335 comprehendemus,
940 3269 999 3332 pro
1038 3253 1129 3316 certo
1168 3255 1318 3318 statuere
1356 3251 1439 3318 licet

263 3359 361 3425 haec:
385 3359 460 3426 Lib.
477 3358 515 3425 X
538 3357 579 3424 fr.
598 3363 637 3422 31
657 3357 831 3442 ePolybio
855 3375 928 3424 esse
952 3359 1116 3439 sumptum
1139 3357 1197 3425 vix
1213 3357 1359 3425 dubitari
1382 3379 1438 3443 po·

265 3468 346 3531 test.
393 3464 465 3532 Aut
497 3464 540 3532 ad
563 3464 738 3548 Polybium
769 3469 828 3531 aut
861 3464 904 3530 ad
935 3463 1073 3532 eundem
1097 3483 1117 3530 a
1140 3464 1284 3532 Diodoro
1316 3470 1351 3533 et
1373 3466 1437 3534 Po-

264 3571 354 3654 lybio
379 3571 562 3639 adhibitum
592 3571 718 3638 fontem
754 3575 887 3657 (graece
920 3570 1100 3654 scriptum?
1146 3571 1186 3638 ci.
1211 3592 1243 3655 p.
1269 3579 1333 3653 65).
1377 3573 1437 3654 dn·

266 3763 335 3816 quae
355 3753 472 3804 exeunte
492 3765 543 3818 cap
564 3749 604 3803 10.
624 3747 738 3818 legitur,
758 3763 773 3803 c
793 3747 882 3804 Jubae
901 3747 1037 3814 ὁμοιότησι
1060 3746 1271 3816 deprompsisse.
1303 3748 1437 3805 Rtiamin

264 3853 297 3893 ea
308 3853 377 3905 quae
388 3837 531 3893 antecedit
542 3835 811 3907 parte„Plutarcl1us
824 3836 1009 3904 narrationes,
1022 3851 1091 3903 quas
1100 3835 1250 3906 Dionysius
1263 3837 1281 3894 l.
1289 3839 1307 3894 l.
1319 3839 1437 3894 alterum

263 3932 328 3996 post
346 3927 463 3982 alteram
481 3927 568 3996 ponit,

382 4016 404 4074 Ι.
422 4031 545 4086 pugnam
565 4031 619 4084 qua
637 4015 791 4071 caeduntur
808 4015 912 4072 Remus
931 4021 961 4072 et
979 4014 1138 4072 Faustulus.

369 4105 409 4162 Il.
428 4106 545 4161 Remum
564 4121 581 4162 a
600 4104 697 4161 delere
717 4104 838 4161 occisum
1033 4111 1038 4118 '

264 4210 318 4249 non
342 4195 413 4250 satis
439 4194 563 4251 feliciter
586 4195 615 4249 in
639 4206 724 4249 unum
749 4193 920 4250 contraxisse
946 4193 1064 4250 ridetur.
1101 4191 1233 4262 Legimus
1258 4191 1330 4247 euim
1353 4194 1433 4250 haec:

264 4281 358 4342 ,τέλος
377 4280 406 4336 δὲ
424 4281 603 4351 decidissem
621 4281 707 4336 αὐτὸν
725 4285 751 4334 oi
768 4285 820 4351 μὲν
838 4281 923 4334 αὐτοῦ
941 4281 1075 4350 ‘haddon
1093 4281 1275 4342 πατάξαντος,
1295 4283 1320 4331 oi
1338 4279 1367 4333 δὲ
1378 4283 1436 4334 τῶν

264 4375 378 4446 ἑταίρων
396 4373 469 4429 τινὸς
487 4370 603 4444 Κέλερος
629 4371 755 4424 ἐνταῦθα
772 4385 863 4424 πεσεῖν
881 4369 992 4441 λέγουσι.
1029 4372 1104 4422 ἔπεσε
1123 4367 1215 4422 δὲκαὶ
1234 4369 1436 4425 cosmetae

264 4463 298 4526 τῇ
316 4463 402 4528 μάχῃ
421 4466 465 4513 και
484 4459 656 4516 mammos.
694 4461 747 4517 Sed
764 4461 903 4531 inpriore
923 4460 1022 4530 capitis
1040 4463 1121 4528 parte
1140 4459 1174 4515 de
1192 4473 1288 4528 pugna
1305 4459 1382 4514 fecta
1400 4475 1435 4514 ne

267 4550 380 4606 verbum
399 4550 507 4617 quidem
525 4550 651 4621 legimus.
