3410 5052
741 257 963 317 ..10—

356 431 481 518 Quodsi
509 450 593 515 quae
621 432 728 500 adbuc
755 430 796 500 dc
823 429 951 516 Meyeri
982 430 1152 499 sententia
1184 429 1435 515 disputavimus,

268 540 589 625 comprehendemus
623 539 754 607 fateare
785 557 923 607 necesse
953 538 1019 606 crit
1046 539 1216 608 annalium
1243 536 1437 623 scriptorem

267 669 288 716 a
314 647 460 716 Diodoro
496 648 680 716 adhibitum
710 647 856 714 Latine
888 645 1060 730 scripsisse
1092 646 1284 728 neutiquam
1315 665 1335 711 a
1365 644 1437 714 viro

266 756 363 824 docto
381 775 454 824 esse
476 753 780 841 conprobatum.¹⁴)
819 755 914 841 Quae
935 754 1074 822 cunita
1095 753 1177 838 sint,
1202 771 1287 820 nunc
1308 751 1437 836 quidem

265 865 301 931 in
324 864 420 932 dubio
443 864 658 947 relinquenda
682 865 735 930 est
760 862 921 946 quaestio,
946 865 1056 930 utrum
1077 860 1217 930 Graecis
1242 881 1284 928 an
1303 859 1437 928 Latinis
1463 908 1469 924 r

266 971 441 1039 annalibus
464 990 542 1038 usus
566 972 611 1039 sit
634 971 809 1038 Diodorus.

354 1078 569 1161 Relinquitur
591 1079 782 1162 priusquam
805 1078 937 1144 adrem
961 1077 1166 1162 propositam
1187 1077 1320 1160 propius
1344 1096 1437 1144 accc-

267 1185 382 1253 damus
406 1190 445 1253 ut
468 1184 670 1254 sententiam
699 1189 756 1252 sat
786 1184 904 1252 miram
931 1189 967 1252 et
993 1185 1180 1252 inauditam
1208 1203 1305 1266 quam
1335 1203 1439 1269 nuper

266 1292 406 1376 protulit
434 1293 552 1363 Soltau
579 1295 615 1361 in
643 1293 719 1362 Ohr.
743 1294 785 1359 R.
810 1314 841 1378 p.
867 1299 1054 1360 aus-376.
1079 1299 1144 1357 438
1172 1311 1243 1375 sqq.
1273 1291 1437 1360 examine-

267 1419 348 1467 mus.
383 1400 623 1470 Demonstrare
639 1400 725 1469 enim
746 1400 860 1469 studet
876 1399 928 1470 vir
943 1401 1164 1486 doctissimus,
1189 1399 1437 1484 antiquissimos

165 1511 167 1515 '
268 1509 436 1576 annalium
465 1509 645 1594 scriptores
671 1510 841 1576 Romanos
871 1509 906 1576 in
939 1509 1055 1591 quibus
1087 1512 1190 1576 etiam
1221 1513 1389 1577 auctorem
1417 1527 1438 1575 a

267 1616 412 1684 Diodoro
435 1620 628 1700 usurpatum
644 1616 879 1684 numerandum
903 1634 976 1684 esse
996 1619 1088 1682 recte
1103 1618 1212 1700 putat,
1237 1616 1439 1702 singulorum

268 1743 426 1792 annorum
448 1725 556 1792 fastos
579 1744 645 1792 non
668 1723 849 1808 addidisse,
879 1723 938 1790 sed
960 1722 1119 1790 bellorum
1141 1723 1330 1794 intervallis
1354 1743 1439 1791 ccm-

266 1832 395 1917 putatis
418 1851 472 1900 res
495 1833 612 1918 gestas
635 1830 846 1917 disposuisse.
895 1829 1146 1898 Concedendum
1172 1834 1225 1900 cst
1248 1830 1336 1915 apud
1358 1830 1438 1898 Dio-

267 1941 380 2007 dorum
395 1958 500 2022 aeque
516 1944 617 2022 atquc
632 1939 667 2006 in
683 1940 732 2007 eis
747 1939 838 2008 Livii
852 1938 1006 2022 partibus
1031 1957 1113 2021 quas
1135 1958 1176 2005 ex
1196 1939 1438 2023 antiquioribus

267 2051 418 2130 sumptas
442 2066 516 2115 esse
535 2047 726 2115 auctoribus
744 2050 879 2115 constat
896 2050 936 2129 (e.
953 2066 985 2131 g.
1001 2047 1050 2130 H,
1070 2052 1121 2132 16,
1141 2052 1240 2131 1-23
1267 2055 1318 2132 19,
1338 2054 1437 2128 1-2;

268 2161 320 2240 21,
340 2160 437 2237 1—2)
453 2155 586 2223 nomina
601 2155 836 2238 imporatorum
851 2154 886 2221 in
910 2153 1155 2221 commentariis
1177 2153 1346 2222 historicis
1369 2153 1438 2222 iere

266 2282 433 2346 nunquam
464 2262 541 2347 legi.
596 2263 637 2330 In
668 2261 811 2346 triginta
843 2265 878 2328 et
909 2259 1050 2343 quinque
1080 2261 1255 2345 particulis
1286 2281 1370 2344 quae
1403 2262 1439 2329 in

267 2370 405 2438 Diodori
428 2369 522 2437 libris
544 2370 724 2437 XI-XX
747 2369 791 2435 ad
813 2369 902 2436 bella
927 2369 1126 2436 aRcmanis
1149 2374 1248 2454 gesta
1271 2372 1437 2454 spectant,

266 2482 320 2544 ter
342 2480 474 2544 tantum
498 2477 712 2546 inveniuntur
735 2476 903 2544 consulum
926 2476 1075 2559 nomina,
1112 2494 1247 2558 quorum
1281 2477 1438 2560 auspiciis

202 2669 204 2672 Ι
265 2586 478 2669 pugnabatur
502 2583 721 2669 alogionibus
746 2583 858 2670 (xvi,
885 2591 936 2651 90.
961 2604 993 2652 a.
1018 2590 1098 2664 4143
1122 2581 1209 2667 XX,
1235 2589 1287 2647 35.
1309 2603 1339 2650 a.
1358 2589 1436 2667 4443

265 2693 351 2776 XX,
379 2699 451 2758 101.
484 2712 513 2758 a.
548 2691 636 2777 450).
697 2693 801 2758 Porro
840 2709 894 2758 res
925 2696 1043 2776 gestae
1073 2689 1328 2772 uniuscuiusque
1359 2691 1438 2758 anni

265 2819 330 2866 non
361 2799 449 2867 sicut
483 2799 571 2885 apud
606 2802 761 2867 auctores
803 2798 998 2866 recentioris
1034 2797 1161 2866 aetatis
1196 2797 1439 2866 distribuuntur

266 2906 355 2973 inter
378 2907 525 2992 singulos
550 2906 710 2975 consules.
755 2906 862 2992 Quam
883 2904 1152 2975 consuetudinem
1175 2905 1340 2972 scribendi
1363 2925 1437 2974 con-

266 3013 395 3097 spirare
420 3033 491 3080 cum
514 3015 818 3098 antiquissimorum
841 3013 1010 3082 annalium
1032 3012 1228 3096 scriptorum
1256 3031 1345 3080 more
1372 3012 1436 3080 dis·

266 3121 369 3189 cimus
398 3122 522 3205 eNep.
553 3121 628 3190 Oat.
655 3129 684 3189 3.
715 3122 894 3206 „bellorum
925 3121 1024 3189 duces
1054 3140 1120 3189 non
1149 3119 1346 3205 nominavit,
1379 3121 1437 3188 scd

359 3369 393 3443 14)
411 3369 523 3427 Klimhc
541 3369 560 3424 l.
579 3370 597 3426 l.
615 3387 642 3441 p.
661 3372 686 3440 3,
707 3373 731 3440 7,
750 3373 785 3426 32
803 3369 943 3426 nonnullis
961 3368 1030 3426 locis
1048 3369 1142 3426 Latini
1160 3367 1247 3427 fontis
1256 3369 1378 3440 vestigia
1396 3368 1437 3426 in·

267 3459 368 3531 dagani
391 3476 474 3531 posse
497 3473 643 3529 perperam
666 3459 780 3515 iudicat.
804 3459 896 3517 .Undc
919 3458 1061 3529 proiectus
1084 3459 1122 3516 sit
1140 3459 1372 3529 anachronismus,
1390 3460 1438 3528 qui

264 3550 404 3606 invenitur
419 3548 504 3606 inlib.
523 3548 586 3617 XII,
606 3551 640 3604 26
660 3549 779 3618 ηταύτην
797 3553 833 3605 εἰς
852 3546 954 3602 δώδεκα
972 3547 1085 3615 χαλκοῦς
1102 3553 1216 3605 πίνακας
1234 3548 1398 3622 χαράξαντες
1412 3551 1437 3601 οἱ

264 3639 364 3692 ὕπατοι
373 3637 546 3711 προςήλιοοαο
555 3651 611 3693 τοϊς
620 3637 674 3711 πρὸ
683 3641 732 3692 τοῦ
739 3640 929 3713 βουλευτηρίου
939 3639 1003 3692 τότε
1013 3641 1142 3706 κειμένοις
1152 3637 1435 3710 ἐμβόλοις“.(ςοεί;ςίς),

264 3729 375 3785 Klimke
403 3727 449 3782 cni
476 3727 663 3799 adstipulatus
688 3732 733 3784 est
754 3729 786 3786 E.
806 3729 909 3799 meyer
926 3728 945 3785 l.
964 3728 982 3785 l.
1000 3745 1027 3799 p.
1046 3729 1099 3784 618
1124 3727 1186 3784 adn.
1217 3731 1246 3798 2,
1275 3734 1351 3786 recte
1374 3744 1436 3799 per·

265 3819 389 3890 spexissc
408 3816 526 3874 ridetur.
563 3815 716 3873 Diodorum
742 3817 831 3889 igitur
857 3819 886 3874 in
913 3818 990 3875 fonte
1018 3833 1067 3875 suo
1091 3817 1231 3875 invenisse
1260 3819 1324 3890 „ubi
1349 3834 1436 3874 nnnc

265 3914 330 3966 sunt
347 3908 464 3964 rostra.“
502 3905 599 3964 Ortam
617 3922 684 3964 vero
703 3922 764 3963 esse
777 3908 965 3965 confusionem
977 3907 1091 3964 Diodori
1104 3907 1186 3978 crrlpa
1198 3907 1246 3978 qui
1260 3925 1310 3978 pro
1330 3911 1435 3980 „nunc“

265 3998 389 4056 dedisset
406 3996 503 4067 „cord
524 4012 557 4053 ea
574 3997 704 4054 nimirum
723 4012 815 4067 causa,
834 3997 907 4066 quod
926 3994 1046 4053 Caesare
1064 4000 1172 4052 mortuo
1190 4002 1284 4053 rostra
1302 3997 1332 4054 in
1350 3996 1435 4054 aliurn

264 4089 319 4145 iori
337 4088 427 4143 locum
445 4091 540 4142 essent
557 4087 702 4144 translata.
739 4087 774 4142 In
791 4086 905 4142 Diodori
923 4102 988 4143 vero
1007 4090 1088 4143 textu
1108 4085 1218 4156 „ried
1244 4102 1299 4142 non
1317 4086 1353 4143 ad
1371 4102 1436 4142 auc·

265 4177 335 4234 toris
354 4177 388 4232 ab
407 4176 455 4232 illo
474 4175 594 4232 adhibiti
617 4178 666 4234 sed
689 4175 905 4233 decemvirorum
923 4180 1034 4246 spectat
1047 4179 1186 4231 aetatem.
1228 4175 1296 4232 (lum
1314 4175 1435 4233 Klimkio

264 4273 342 4324 totns
362 4265 514 4323 consentio.
550 4265 632 4322 Haud
651 4267 732 4324 dubie
750 4281 817 4322 vero
836 4265 904 4322 item
921 4280 967 4322 res
986 4279 1016 4321 se
1028 4263 1113 4321 habet
1131 4265 1156 4322 si
1167 4265 1305 4323 Diodorus
1316 4266 1345 4323 in
1357 4266 1435 4323 fonto

264 4373 314 4414 suo
333 4372 388 4412 non
407 4357 529 4427 „nunc“
550 4355 599 4412 scd
616 4355 645 4414 in
664 4354 756 4426 aliquo
776 4353 883 4412 Graece
902 4355 1006 4426 scripto
1024 4355 1101 4411 fonto
1126 4355 1219 4426 „vaist
1245 4354 1435 4425 deprehendit.

265 4445 342 4513 Quae
361 4463 423 4502 cum
440 4445 482 4500 ita
500 4445 572 4514 sint,
596 4460 631 4501 cx
651 4444 701 4500 illo
719 4445 780 4501 loco
797 4444 838 4501 nil
856 4445 889 4501 dc
912 4445 1012 4502 Latine
1037 4444 1141 4514 scripto
1165 4444 1243 4500 fonte
1266 4444 1434 4512 concludam,

264 4536 293 4591 id
311 4536 383 4605 quod
401 4535 499 4593 volunt
516 4535 640 4604 Klimlrc,
659 4534 763 4602 meyer.
