3410 5052
686 329 903 388 ..45-

212 500 389 585 hospitium
421 520 493 569 cum
521 500 726 570 Timasitbeo
757 501 884 568 iactum
912 503 975 569 est.
1021 499 1084 568 (lui
1110 499 1379 568 narratiunculae

212 607 305 675 addit
328 608 494 677 Diodorus
516 610 600 678 hacc
629 615 702 687 „act
729 608 806 685 μετὰ
834 605 918 671 ταῦτ’
945 603 1041 672 ἔτεσιν
1071 604 1183 672 ἑκατὸν
1213 605 1380 690 τριάκοντα

210 713 287 778 ἑπτὰ
316 713 374 796 τὴν
397 715 540 798 Λιπάραν
567 714 760 797 ἀφελόμενος
788 722 854 779 τῶν
878 718 1105 796 Καρχηδονίων
1136 713 1210 791 τοὺς
1231 714 1382 795 ἐγγόνους

211 829 268 885 τοῦ
306 825 491 900 dipacati-{cv
518 830 587 887 τῶν
614 847 648 888 τε
678 825 836 904 εἰσφορῶν
867 818 983 898 ἀτελεῖς
1005 819 1102 902 ἀφῆκε
1124 827 1175 886 καὶ
1198 822 1383 905 ἐλευθέρους

211 928 385 1010 ἐποίησεν.
433 930 529 1017 Quod
551 931 679 1016 Lipara
705 929 815 998 insula
842 929 932 995 haud
958 930 1071 1013 procul
1095 927 1210 996 Sicilia
1238 927 1305 996 cita
1329 932 1382 996 est

214 1038 248 1102 ct
269 1035 453 1106 Diodorum
476 1037 628 1107 inlibris
652 1037 847 1107 XI-XVI
868 1055 923 1104 res
946 1036 989 1103 ad
1013 1035 1160 1106 Siciliam
1189 1040 1382 1119 spectantes

215 1159 232 1208 c
254 1142 392 1210 Timaeo
409 1145 613 1230 excerpsisse
630 1148 774 1226 constat,
792 1142 960 1211 concludit
974 1144 1183 1212 Bomcmanu
1199 1164 1264 1213 uon
1279 1145 1382 1213 solum

212 1247 283 1316 libr.
310 1252 405 1324 XIV
428 1272 455 1320 c.
482 1258 534 1338 93,
559 1251 618 1322 sed
641 1251 744 1319 ctiam
767 1254 838 1318 tres
861 1249 936 1317 illos
962 1257 1090 1320 ceteros
1105 1252 1270 1336 longiores
1293 1251 1382 1318 locos

214 1355 497 1442 (decemviratum,
510 1358 684 1428 Gallorum
699 1356 913 1442 invasionem,
930 1357 1034 1443 Appii
1050 1358 1181 1426 Olaudii
1196 1357 1384 1446 censuram)

215 1480 232 1529 c
253 1464 391 1533 Timaeo
414 1465 558 1535 fluxisse.
605 1465 665 1535 Oui
690 1465 973 1551 argumentationi
994 1484 1037 1533 nc
1066 1465 1231 1534 minimam
1255 1464 1383 1547 quidem

215 1572 433 1654 persuadendi
462 1573 530 1642 vim
559 1571 668 1641 inesse
690 1571 763 1654 quis
787 1575 840 1638 est
871 1571 927 1654 qui
956 1571 1079 1658 neget?
1125 1573 1191 1641 Sed
1221 1572 1385 1640 accedunt

217 1677 441 1749 dubitationes
472 1679 560 1749 aliae
591 1682 627 1748 et
657 1677 839 1764 graviores.
887 1678 1099 1765 comparatis
1130 1680 1217 1747 inter
1247 1698 1284 1747 se
1311 1678 1383 1745 Pol.

216 1785 307 1870 139,
335 1791 376 1851 13
401 1790 437 1853 et
452 1787 534 1855 Zon.
551 1786 652 1871 vm,
680 1791 729 1851 14.
754 1784 920 1854 evincitur
942 1786 1101 1870 Liparam
1124 1786 1266 1856 insulam
1281 1787 1384 1870 pn'mo

215 1892 339 1960 Punico
363 1893 452 1961 bello
475 1912 549 1962 esse
572 1896 705 1978 captam
729 1912 760 1959 a.
787 1891 909 1977 502.⁶³)
945 1893 1028 1964 Oum
1050 1912 1128 1963 vero
1144 1894 1303 1979 Polybius
1319 1894 1383 1976 I,5

216 1999 384 2068 Timaeum
416 1999 631 2069 historiarum
654 2000 750 2068 finem
781 1997 900 2067 iecisse
924 2017 996 2067 cum
1027 2000 1079 2070 Ol.
1107 2007 1167 2065 129
1193 2000 1384 2086 (264-260

215 2125 245 2172 a.
269 2105 327 2175 011.
356 2127 388 2175 n.
416 2107 838 2194 τωο-4948111.)
867 2107 1001 2175 disertis
1031 2106 1142 2175 verbis
1172 2110 1321 2175 testetur
1350 2113 1385 2175 et

216 2212 483 2283 Tamomenitam
506 2234 571 2284 uon
593 2214 697 2284 multo
720 2218 797 2299 post
820 2214 899 2301 (260
920 2233 951 2282 a.
973 2214 1034 2283 Ob.
1055 2235 1087 2283 n.
1105 2247 1147 2270 =
1164 2220 1229 2280 494
1251 2235 1282 2282 a.
1303 2235 1333 2282 u.
1356 2234 1384 2281 c.

217 2321 273 2388 vel
297 2327 360 2386 256
373 2354 416 2377 =
429 2327 508 2404 498)
535 2329 699 2391 mortuum
725 2340 799 2389 esse
830 2325 963 2390 constet
992 2322 1059 2389 iam
1089 2321 1302 2390 manifestum
1332 2326 1386 2388 est

221 2444 314 2508 quam
334 2428 514 2497 infeliciter
540 2430 654 2514 lapsus
682 2429 728 2496 sit
750 2428 970 2497 Borncmaun.
1015 2431 1103 2497 Nam
1132 2430 1286 2497 Timaeus
1314 2448 1387 2495 cum

221 2534 342 2619 Lipara
371 2536 574 2605 aRomanis
603 2541 795 2622 expugnata
819 2542 885 2619 est³
910 2538 976 2604 iam
1006 2537 1062 2604 diu
1092 2537 1179 2604 diem
1202 2555 1386 2621 supremum

220 2641 353 2712 obierat.
399 2643 466 2712 Ille
488 2641 567 2713 vero
590 2643 643 2713 vir
670 2645 786 2711 doctus
814 2650 871 2711 sat
894 2644 1096 2712 confidenter
1122 2643 1231 2710 addit:
1263 2645 1386 2727 „Immo

220 2748 360 2818 hocloco
374 2750 517 2819 Diodori
530 2751 566 2819 id
581 2750 796 2834 assequimur,
820 2752 859 2818 nt
875 2751 1065 2819 accuratius
1082 2751 1121 2818 de
1137 2749 1266 2817 Timaei
1280 2755 1387 2818 morte

228 2859 261 2921 et
280 2875 366 2937 opere
391 2856 448 2938 (cf.
472 2859 544 2925 Pol.
567 2859 597 2942 Ι,
622 2862 656 2941 1)
684 2860 836 2926 statuere
858 2857 1056 2943 possimusu

571 3285 633 3384 Ilc
665 3283 837 3384 Duride
870 3283 1032 3384 Samio.

303 3465 388 3532 uum
399 3465 609 3532 Bomemaun
620 3485 652 3550 p.
666 3472 706 3531 21
721 3465 806 3549 qnod
817 3464 998 3532 Diodorum
1013 3463 1049 3531 in
1063 3463 1159 3531 libris
1170 3462 1387 3530 XIX—XX

216 3571 369 3654 copiosas
392 3571 472 3638 belli
493 3572 669 3641 Samnitici
691 3573 912 3648 narrationes,
937 3591 1020 3653 quas
1042 3571 1200 3653 antiquae
1216 3571 1388 3636 Romanae

214 3679 396 3745 memoriae
419 3698 493 3747 esse
508 3679 666 3762 reliquias
685 3678 759 3746 luce
782 3679 905 3745 clarius
921 3681 984 3754 cst,
1009 3676 1167 3745 eDuride
1183 3676 1388 3759 excerpsisse

213 3784 278 3852 sibi
295 3785 404 3871 fingit,
421 3786 612 3871 longissime
636 3805 657 3852 a
680 3785 827 3854 veritate
850 3787 997 3852 aberrat.
1027 3786 1206 3867 Perperam
1228 3787 1388 3865 provocat

212 3894 256 3961 ad
279 3893 339 3960 lib.
357 3893 454 3961 XXI
475 3893 516 3961 fr.
535 3899 564 3975 6,
589 3893 645 3959 ubi
665 3892 791 3959 Duride
806 3897 897 3959 teste
921 3893 955 3958 in
977 3909 1087 3975 pugna
1104 3889 1192 3974 apud
1215 3889 1387 3957 Sentinum

214 4001 393 4069 commissa
424 4006 578 4069 centum
609 3998 719 4065 milia
749 3999 894 4067 hostium
921 4018 942 4065 a
969 3996 1128 4064 Romanis
1159 3996 1283 4064 occisos
1314 4013 1388 4062 esse

214 4108 369 4196 legimus.
416 4108 490 4196 Quo
513 4126 555 4176 ex
576 4108 648 4176 loco
670 4105 760 4174 nullo
782 4106 877 4174 modo
901 4103 1093 4173 concludere
1115 4121 1286 4188 possumus
1307 4101 1388 4169 Dio·

308 4321 346 4393 ⁵¹)
365 4319 443 4388 Quae
461 4318 619 4376 ratiuncula
636 4317 805 4388 Holuapsclii
824 4316 886 4374 Chr.
905 4317 938 4372 R.
957 4333 984 4386 p.
1004 4316 1055 4372 189
1073 4315 1176 4372 rectior
1194 4330 1255 4371 esse
1277 4313 1387 4371 videtur

212 4427 298 4481 quam
319 4408 483 4466 llommseni
500 4408 533 4465 R.
547 4409 577 4464 F.
591 4409 629 4478 11,
649 4409 774 4464 2881111.
788 4410 824 4463 94
837 4407 909 4478 (103.
920 4421 945 4461 a.
956 4421 983 4462 u.
996 4407 1030 4476 c.)
1048 4405 1083 4460 cl.
1102 4404 1210 4460 llatzat
1228 4401 1291 4459 (ihr.
1305 4402 1339 4459 R.
1348 4402 1388 4472 11,

211 4518 239 4572 p.
259 4502 306 4572 80,
326 4500 389 4557 adn.
410 4503 433 4555 2.
471 4498 651 4556 Intervallum
671 4497 743 4567 qnod
762 4497 821 4554 edit
838 4495 976 4552 Diodorus
996 4496 1047 4550 137
1068 4509 1200 4550 annorum
1219 4492 1304 4563 (vulg.
1326 4494 1388 4564 142)

214 4589 414 4648 declarandum
429 4587 483 4645 erit
502 4603 517 4645 e
537 4588 619 4645 lastis
638 4586 778 4644 annalium
797 4585 941 4655 scriptoris
961 4599 1041 4654 quem
1059 4587 1171 4640 secutus
1184 4586 1228 4639 est
1240 4580 1388 4638 Diodorus.
