3410 5052
737 305 960 366 ,37-

257 478 355 562 pouit
376 478 508 548 Cicero.
556 479 689 547 Haeret
711 497 789 547 vero
813 479 914 546 Peter
937 478 1039 547 etiam
1061 477 1096 546 in
1119 477 1232 546 ordine
1254 477 1431 547 nominum:

257 584 413 664 Catonis,
429 586 585 671 Pictoris,
601 586 744 654 Pisonis.
774 585 868 673 Quod
886 584 963 654 ordo
987 585 1234 671 chronologicus
1258 604 1323 654 nou
1347 577 1432 654 satis

257 691 448 778 diligenter
482 695 678 762 observatus
710 697 778 773 est,
817 712 855 761 eo
887 692 992 760 minus
1026 691 1184 778 offendor,
1224 711 1297 761 cum
1331 693 1433 762 etiam

259 799 398 868 Graeci
406 804 630 869 auctoresnon
640 801 816 869 secundum
827 805 1009 884 temporum
1022 801 1184 868 rationem
1194 805 1431 870 enumerentur.

261 928 305 976 ur
328 906 388 994 (cf.
410 907 535 993 Mdller,
556 909 593 975 P.
622 907 741 976 ΕΘΓ.
770 909 790 974 Ι
811 929 844 992 p.
867 907 1003 975 XXIII
1029 907 1124 995 squ).
1169 906 1262 994 Quae
1286 927 1359 976 cum
1381 907 1433 976 ita

261 1015 354 1097 sint,
385 1015 440 1084 uix
462 1014 677 1083 dubitandum
701 1020 768 1100 est,
800 1015 878 1099 quin
900 1015 1016 1085 omero
1039 1015 1080 1082 de
1102 1014 1304 1083 nobilissimo
1326 1016 1432 1085 Fabio

264 1121 414 1207 Pictore,
443 1123 572 1190 nonde
600 1124 739 1190 obscuro
762 1123 959 1190 Latinorum
985 1121 1141 1190 librorum
1168 1129 1305 1193 auctore
1328 1122 1431 1192 dicat.

358 1229 515 1298 Similiter
529 1249 583 1298 res
600 1230 756 1298 sehabet
773 1230 839 1298 alio
850 1231 931 1312 loco,
950 1250 1046 1314 quem
1067 1248 1126 1313 pro
1144 1229 1295 1298 adhibito
1307 1229 1432 1300 Latino

267 1356 412 1407 sermone
439 1337 475 1405 in
503 1356 635 1405 censum
658 1343 781 1406 vocant
804 1338 917 1414 Peter,
942 1337 1011 1405 alii.
1054 1336 1211 1423 Legimus
1235 1336 1322 1405 enim
1346 1339 1432 1423 apud

268 1443 454 1512 Ciceronem
470 1444 510 1511 de
525 1444 593 1530 leg.
609 1444 634 1524 I,
651 1449 680 1528 2,
696 1450 729 1510 6:
758 1444 863 1527 „Nam
879 1447 957 1528 post
972 1444 1110 1512 annales
1125 1444 1315 1528 pontificum
1330 1446 1432 1514 maxi·

268 1569 396 1628 morum,
421 1551 539 1635 quibus
562 1551 610 1620 uil
631 1557 745 1636 potest
761 1571 834 1619 esse
849 1550 1066 1636 iniucundius,
1091 1551 1121 1619 si
1137 1558 1196 1619 aut
1212 1552 1255 1618 ad
1269 1552 1433 1619 Fabium

266 1660 389 1727 autad
412 1679 501 1736 eum,
531 1659 585 1742 qui
613 1659 676 1726 tibi
705 1677 834 1742 semper
859 1657 894 1725 in
922 1677 977 1725 ore
1001 1662 1067 1743 est,
1097 1658 1283 1727 Catonem
1307 1659 1432 1726 autad

262 1767 447 1836 Pisonem
479 1772 539 1834 aut
570 1766 614 1834 ad
643 1767 836 1834 Fannium
869 1769 929 1834 aut
960 1764 1003 1832 ad
1033 1766 1272 1838 Vennonium
1305 1766 1431 1852 venias,

263 1894 460 1959 quamquam
484 1893 525 1942 ex
547 1874 600 1941 his
623 1873 708 1940 alius
732 1873 798 1940 alio
820 1874 894 1956 plus
924 1874 1026 1941 babet
1053 1873 1186 1953 urium,
1215 1877 1328 1942 tamen
1356 1874 1433 1958 quid

260 1988 332 2051 tam
358 1983 444 2050 exile
467 1986 521 2049 est
544 1999 642 2064 quam
665 1979 724 2047 isti
751 1979 902 2048 omnes?“
950 1980 1025 2047 Hoc
1053 1998 1179 2063 quoque
1207 1980 1363 2048 iudicium
1391 1981 1434 2049 ad

260 2089 406 2158 Latinos
433 2088 602 2157 cuiusdam
629 2087 729 2155 Fabii
755 2088 893 2156 annales
922 2087 1046 2154 referre
1073 2087 1177 2154 Peter
1205 2107 1271 2155 nou
1300 2088 1433 2155 dubitat

259 2198 284 2265 l.
308 2197 331 2264 l.
356 2214 552 2279 quamquam
575 2193 692 2263 Cicero
714 2194 883 2261 Pictorem
904 2194 998 2279 pouit
1022 2199 1114 2261 aute
1137 2193 1308 2262 (latonam.
1343 2196 1432 2263 Neu·

261 2304 392 2386 tiquam
419 2322 497 2371 vero
524 2301 718 2386 impedimur
745 2321 785 2369 ne
814 2302 855 2369 de
877 2301 974 2369 Fabii
1001 2301 1147 2370 Pictoris
1176 2299 1317 2370 Graecis
1344 2301 1434 2388 cogi-

260 2416 372 2478 temus
396 2408 577 2477 annalibus.
618 2407 734 2477 cicero
757 2409 812 2480 vel
834 2409 945 2494 potius
961 2407 1110 2492 Atticus,
1135 2428 1230 2492 quem
1243 2408 1433 2493 loquentem

260 2519 349 2586 facit
373 2517 440 2599 illc,
464 2516 571 2585 omnia
593 2515 761 2584 annalium
784 2516 981 2601 scriptorum
1004 2535 1103 2599 opera
1127 2535 1200 2584 esse
1214 2516 1328 2584 ieiuna
1351 2516 1433 2585 dicit

260 2630 297 2694 et
336 2623 439 2692 exilia
476 2629 510 2692 et
547 2623 685 2709 indigna
721 2623 853 2690 nomine
905 2623 1167 2706 „historiarum
1235 2624 1357 2707 Itaque
1390 2643 1433 2693 ne
1469 2623 1471 2628 ’

260 2731 397 2800 minima
425 2730 555 2814 quidem
582 2729 769 2800 offensionis
799 2732 852 2798 est
880 2749 997 2815 causa,
1027 2731 1112 2812 quod
1134 2729 1315 2815 Pictorem,
1345 2731 1432 2798 auti·

268 2839 456 2922 quissimum
471 2837 676 2923 historicum,
685 2837 817 2905 etiamsi
830 2836 959 2907 Gracco
971 2856 1050 2906 usus
1061 2837 1107 2906 sit
1119 2856 1277 2920 sermone,
1286 2842 1432 2923 praeter-

266 2946 397 3014 mittere
411 2945 528 3015 uoluit.
546 2943 690 3013 Accedit
706 2945 792 3028 quod
806 2946 868 3013 boc
883 2943 1013 3029 quidem
1030 2945 1102 3013 loco
1118 2944 1235 3015 Oicero
1251 2949 1433 3030 temporum

262 3054 424 3123 rationem
456 3057 615 3123 accurate
646 3057 780 3122 secutus
811 3072 885 3122 esse
914 3052 1056 3123 videtur.
1117 3052 1260 3121 Praeter
1295 3053 1432 3121 Fabium

264 3161 412 3230 nominat
438 3159 720 3246 praeclarissimos
745 3165 780 3228 et
802 3160 1022 3228 nobilissimos
1046 3159 1214 3227 annalium
1242 3160 1430 3244 scriptores.

266 3271 408 3358 Quorum
423 3267 581 3337 societati
596 3287 672 3336 num
695 3268 875 3336 verisimile
898 3272 951 3335 est
974 3286 1046 3334 eum
1071 3267 1273 3355 adgregasse
1291 3267 1431 3335 Fabium

265 3377 426 3460 quendam
448 3376 548 3460 plane
571 3377 742 3444 obscurum
766 3379 801 3443 et
822 3373 993 3461 ignotum?
1034 3375 1157 3458 Itaque
1180 3395 1221 3443 ex
1242 3377 1303 3442 hoo
1325 3375 1430 3444 incer·

262 3483 391 3552 tissime
421 3482 543 3549 iudicio
574 3482 615 3549 de
645 3483 760 3569 lingua
790 3482 837 3549 nil
868 3481 1120 3568 oomeoerimfl).
1171 3484 1295 3550 Restat
1327 3482 1432 3568 igitur

259 3590 382 3658 tertius
393 3589 486 3657 locus
499 3608 562 3672 quo
573 3608 638 3656 nou
651 3589 722 3656 siue
736 3588 845 3673 specie
859 3588 998 3668 quadam
1010 3589 1266 3660 verisimilitatis
1278 3588 1431 3658 nituntur

261 3697 318 3781 qui
339 3696 480 3765 Fabium
503 3697 615 3764 uesoio
639 3715 734 3778 quem
758 3697 931 3780 aequalem
952 3697 1023 3766 fere
1039 3697 1176 3766 Oatonis
1192 3697 1334 3768 Latinos
1357 3718 1430 3767 con·

259 3804 435 3889 scripsisse
452 3805 591 3871 annales
607 3803 672 3871 sibi
687 3804 899 3887 persuadent.
931 3805 1032 3889 Apud
1046 3806 1247 3872 Frontonem
1261 3827 1293 3891 p.
1313 3812 1375 3871 114
1386 3807 1429 3876 N.

258 3911 401 3998 legimus
416 3912 514 3979 haec:
541 3909 749 3987 „Historiam
765 3928 891 3993 quoque
911 3912 1072 3979 scribsere
1089 3910 1308 3980 Sallustius
1323 3916 1429 3981 struc-

252 4023 310 4104 te,
339 4018 474 4086 Pictor
496 4017 680 4102 incondite,
705 4017 895 4086 Claudius
923 4019 1044 4102 lepide,
1076 4017 1220 4086 Anttas
1244 4020 1429 4106 invenuste,

258 4125 424 4196 Sisenna
448 4125 624 4210 lougu‘uque
648 4126 732 4192 etc.“
759 4126 890 4193 Putant
912 4125 1015 4211 igitur
1029 4124 1094 4194 viri
1110 4125 1209 4210 docti,
1234 4147 1260 4194 e.
1279 4146 1310 4212 g.
1326 4128 1430 4196 Peter

349 4299 386 4372 ⁴⁷)
406 4300 515 4371 Siquis
542 4317 576 4357 ex
599 4316 633 4358 eo
660 4301 732 4370 quod
760 4301 879 4358 Pictor
904 4301 976 4371 apud
1000 4301 1160 4360 Ciceronem
1183 4302 1300 4372 primum
1323 4302 1431 4359 obtinet

259 4391 361 4459 locum,
379 4390 543 4447 concludere
561 4391 646 4448 audet
663 4391 780 4448 Latinos
799 4391 913 4448 annales
942 4391 1143 4461 cndquissimis
1166 4392 1335 4463 temporibus
1359 4391 1430 4448 sutis

260 4479 456 4548 fuissemus,
476 4479 558 4537 valde
577 4480 711 4551 admiror,
736 4481 808 4550 quod
833 4481 866 4536 de
890 4480 950 4536 elus
975 4480 1035 4538 uita
1059 4486 1089 4538 et
1112 4481 1222 4551 scriptis
1240 4480 1280 4538 uil
1298 4479 1429 4538 babemus

259 4571 437 4639 compertum.
