3410 5052
776 281 995 342 ..13-

236 441 239 446 ’
300 472 377 522 7717
411 451 590 522 Diodorum
624 453 709 537 apud
744 455 938 539 scriptorem
972 475 993 522 a
1025 474 1062 522 se
1097 455 1279 524 adhibitum
1316 459 1469 527 consules

301 561 380 630 anni
412 566 476 626 326
503 560 542 628 T.
567 561 793 648 Quinotium
823 567 859 628 et
888 560 1030 630 Aulum
1061 562 1282 632 Cornelium
1312 572 1469 649 corrupta

299 667 405 738 forma
428 666 477 736 717
499 667 640 755 legisses
674 667 713 735 L.
739 667 983 755 Quinctium,
1015 668 1157 736 Aulum
1189 667 1467 757 Sempronium
1592 713 1596 718 -

298 775 414 860 itaque
437 774 564 844 factum
589 794 671 853 esse,
696 780 734 843 ut
748 775 914 844 Diodorus
937 775 1023 843 idem
1046 776 1218 864 collegium
1241 781 1276 845 et
1299 780 1468 848 echrono-

298 883 434 971 grapho,
459 881 560 972 (XII,
579 883 634 970 75)
654 881 710 952 uhi
733 881 926 970 cognomine
950 886 1047 951 erant
1069 884 1187 953 addita
1210 885 1406 972 consulibus,
1430 892 1467 955 et

300 993 453 1076 corrupte
468 990 630 1060 traditum
646 1009 688 1058 777
704 990 872 1058 annalium
887 991 1049 1074 scriptore
1064 991 1319 1082 repetiuerit.²⁸)
1354 994 1468 1062 Aliter

297 1117 376 1170 7777
410 1117 464 1168 777
498 1119 535 1168 77
569 1101 691 1168 hahere
725 1099 867 1170 71717177.
923 1099 1050 1170 Scimus
1085 1099 1170 1167 enim
1200 1120 1286 1169 nuno
1316 1104 1467 1173 consules

295 1205 340 1275 A.
365 1205 590 1292 Sempronium
619 1207 717 1276 7111.
742 1206 932 1293 Quinctium
962 1207 1051 1275 inter
1078 1226 1182 1275 annos
1210 1214 1419 1277 32671327
1445 1231 1467 1280 7

295 1312 440 1382 Diodoro
471 1314 688 1400 interpositos
718 1316 885 1402 legitimos
916 1315 1019 1384 fuisse
1049 1316 1268 1401 magistratus
1298 1316 1463 1384 7771327

296 1420 517 1510 (71871177,
550 1421 692 1491 011711.
725 1444 756 1508 p.
783 1424 870 1510 380).
925 1423 1032 1510 Quam
1066 1423 1268 1492 sententiam
1301 1425 1394 1491 recte
1429 1443 1460 1493 se

294 1529 432 1613 habere,
462 1529 619 1599 discimus
642 1529 792 1608 7111717,
817 1530 873 1615 qui
896 1531 1046 1599 consules
1070 1531 1149 1599 anni
1174 1536 1235 1596 327
1259 1531 1340 1598 11717
1363 1536 1464 1614 atque

294 1635 433 1706 Diodori
460 1638 727 1723 chronographus
755 1641 855 1708 77771
878 1636 918 1703 L.
942 1637 1113 1722 Papirium
1135 1636 1339 1724 Mugilanum
1366 1640 1402 1706 et
1425 1637 1463 1706 0.

295 1742 473 1813 Seruilium
505 1743 676 1812 Structum
705 1743 851 1813 Ahalam
883 1744 1055 1831 (1117111,
1081 1749 1146 1831 30).
1199 1747 1242 1814 In
1271 1745 1463 1816 narratione

293 1869 373 1920 vero
404 1871 489 1936 quae
511 1853 555 1920 ad
578 1853 664 1920 hunc
694 1856 829 1937 7777171
857 1871 993 1937 annum,
1030 1855 1145 1922 consul
1173 1853 1269 1923 huius
1304 1853 1382 1922 anni
1410 1853 1463 1921 bis

294 1957 483 2044 appellatur
506 1959 690 2046 Quinctius.
738 1960 800 2045 IV,
826 1965 878 2038 30,
906 1967 943 2025 15
971 1966 1028 2045 „ut
1052 1960 1263 2049 Quinctius
1286 1960 1398 2030 consul
1422 1962 1462 2029 de

292 2065 381 2136 bello
399 2066 443 2135 ad
457 2068 611 2153 populum
627 2068 760 2136 ferret.“
794 2069 856 2153 IV,
875 2074 960 2153 31,1.
982 2067 1087 2154 „T.⁹⁴)
1104 2068 1279 2155 Quinctius
1292 2087 1337 2137 ex
1349 2088 1461 2138 consu-

291 2174 396 2260 latu,“
421 2174 550 2261 (agitur
565 2175 606 2241 717
622 2173 746 2243 7777117
762 2174 904 2243 tribunis
920 2173 1140 2255 militaribus).
1168 2175 1344 2244 Putandus
1358 2176 1462 2262 igitur

292 2285 345 2351 771
375 2281 540 2351 Diodorus
573 2282 609 2349 in
642 2282 841 2349 annalium
874 2281 1071 2365 scriptore
1106 2279 1255 2348 consules
1290 2283 1458 2350 77171327

290 2388 474 2473 repperisse
495 2389 534 2456 L.
552 2387 742 2475 Quinctium
758 2393 793 2456 71
807 2388 852 2458 A.
870 2387 1102 2474 Sempronium,
1119 2385 1208 2469 apud
1228 2387 1459 2475 chronogra-

290 2493 548 2580 7117777771.
572 2495 743 2578 Papirium
756 2495 961 2582 Mugilanum
977 2498 1012 2562 71
1032 2492 1068 2561 0.
1086 2489 1261 2560 Servilium
1278 2492 1457 2562 Structum.

290 2604 339 2673 Ut
366 2601 520 2672 iniuriam
546 2602 685 2670 inferret
708 2603 834 2681 neutri,
869 2608 1042 2685 utrumque
1069 2596 1246 2664 transtulit
1274 2599 1456 2686 collegium.

378 2711 477 2781 Fasti
500 2731 657 2780 annorum
683 2716 855 2777 367-387
881 2728 960 2794 quos
984 2705 1053 2774 edit
1068 2704 1232 2773 Diodorus
1256 2710 1292 2773 et
1313 2707 1456 2775 numeris

290 2823 326 2887 et
352 2820 537 2889 nominibus
565 2820 768 2887 tribunorum
796 2817 986 2886 militarium
1014 2813 1112 2883 valde
1135 2812 1335 2882 dissentiunt
1359 2813 1455 2882 7111-

288 2925 397 2998 rianis
433 2925 583 3010 aliisque.
642 2926 772 2994 Primus
806 2926 986 2993 Mommsen
1016 2922 1058 2989 R.
1091 2923 1130 2989 Il.
1161 2921 1257 3005 117.
1288 2929 1350 2988 225
1385 2942 1454 3006 sqq.

288 3031 505 3121 sagacissime
538 3033 707 3117 perspexit
741 3036 776 3100 et
809 3029 993 3099 rectissime
1027 3028 1268 3098 demonstravit
1301 3028 1457 3100 17111711

289 3141 490 3222 aliorumque
506 3137 606 3206 fastis
623 3140 728 3207 multa
750 3158 823 3208 esse
838 3136 1041 3222 interpolata
1056 3137 1188 3206 nomina
1203 3156 1288 3220 quae
1303 3143 1456 3206 auctora

288 3249 433 3318 Diodoro
464 3251 642 3330 usurpatus
673 3268 737 3315 1177
768 3245 893 3314 hahuit.
945 3245 1137 3314 Notandum
1172 3248 1242 3326 est,
1277 3243 1457 3314 Diodorum

288 3355 406 3424 seriem
433 3352 689 3440 magistratuum
718 3353 902 3438 dequibus
931 3353 1150 3439 disputamus,
1183 3371 1247 3420 non
1275 3372 1294 3420 e
1322 3354 1455 3421 chrono-

287 3461 423 3548 grapho,
448 3462 507 3532 sed
530 3480 571 3528 ex
594 3461 762 3529 annalium
785 3461 945 3547 scriptore
968 3457 1229 3547 excerpsisse.²⁵)

375 3570 454 3653 1777
489 3572 600 3638 autem
635 3567 735 3636 index
765 3567 1012 3654 chronologicus
1043 3589 1064 3637 a
1090 3567 1235 3635 Diodoro
1266 3573 1455 3653 usurpatus,

286 3675 343 3743 uhi
381 3677 574 3762 cognomina
613 3679 710 3743 erant
749 3676 919 3761 adscripta
961 3676 1217 3761 magistratuum
1260 3675 1454 3761 nominihus,

377 3923 413 3996 ⁹⁸)
435 3924 559 3980 Concedo
573 3923 758 3983 commendari
769 3923 840 3980 hanc
853 3923 1027 3994 sententiam,
1042 3921 1216 3992 quodnomen
1227 3921 1455 3996 gentile„Quino·

287 4015 349 4069 tus“
370 4018 400 4069 et
416 4028 585 4084 praenomen
605 4014 720 4072 alteriue
740 4011 860 4068 consulis
880 4013 1002 4082 „Aulus“
1028 4011 1057 4068 iu
1074 4015 1193 4082 utroque
1213 4017 1310 4068 771771
1330 4014 1454 4086 collegio.

376 4101 411 4174 ⁹⁴)
429 4101 511 4160 Haud
536 4102 617 4162 dubie
640 4106 714 4162 inter
739 4117 768 4160 77
793 4101 997 4158 confunduntur
1024 4099 1327 4170 mecumtecum.
1373 4103 1455 4159 Titus

286 4191 431 4259 Quinctius
450 4192 545 4249 consul
564 4198 626 4249 7771
645 4193 781 4251 77711236.
817 4191 860 4248 De
879 4208 932 4262 quo
953 4209 1009 4248 non
1025 4189 1080 4247 dici
1099 4190 1192 4262 potuit
1210 4207 1267 4263 „ex
1285 4193 1454 4249 consulatu“.

286 4280 320 4340 cf.
341 4279 408 4339 Solt.
428 4281 445 4338 l.
464 4282 482 4337 l.
501 4299 527 4356 p.
547 4282 600 4338 380
619 4284 681 4339 adn.
700 4286 725 4340 2.

375 4370 411 4443 2⁵)
430 4370 524 4427 Etiam
542 4370 571 4426 in
589 4369 673 4428 fastis
692 4373 829 4430 annalium
850 4370 994 4442 7771717717
1012 4387 1029 4427 7
1047 4369 1169 4428 Diodoro
1194 4369 1312 4428 adhibiti
1334 4371 1454 4444 interpo-
1555 4365 1559 4376 '

284 4459 403 4519 lotiones
427 4461 516 4519 latere
543 4465 621 4518 rocta
649 4468 838 4533 cognoverunt
865 4462 958 4519 Seeck.
979 4461 1012 4518 ’1.
1036 4461 1116 4520 Ρ771.
1140 4477 1166 4535 p.
1191 4463 1225 4515 79
1244 4476 1302 4531 sqq.
1338 4462 1453 4532 1171771,

284 4546 346 4604 Chr.
365 4549 398 4605 R.
418 4551 439 4605 1.
458 4567 484 4621 p.
505 4550 564 4607 198.
584 4548 694 4617 aliique.
