3410 5052
776 282 1066 340 ..30-.

297 454 427 539 Appius
449 453 484 520 in
507 456 605 520 rebus
629 453 734 521 sacris
757 453 1240 538 (attaminat-113
1266 460 1317 531 30,
1338 456 1470 544 5-10).

296 561 461 628 Diodorus
483 580 563 629 vero
585 565 707 627 narrat
723 559 868 644 Appium
890 581 950 645 per
974 567 1015 625 ab
1040 560 1151 629 stadia
1175 581 1280 644 aquas
1303 563 1337 630 in
1359 563 1472 630 urbem

297 667 430 736 duxisse
459 687 663 754 magnasque
694 668 862 752 pecunias
892 667 1020 736 iniussu
1050 672 1187 737 senatus
1221 669 1266 737 ad
1297 670 1360 737 hoc
1393 687 1473 754 opus

297 775 554 859 consumpsisse.
602 777 691 844 Item
714 776 878 843 Diodorus
902 775 989 844 viam
1013 777 1056 843 ab
1078 775 1188 859 Appio
1211 776 1372 844 munitam
1402 777 1474 845 dili·

297 886 419 967 genter
447 882 624 966 describit,
655 902 726 949 cum
753 882 870 952 Livius
898 882 955 950 IX
984 888 1036 962 29,
1067 889 1085 947 6
1114 882 1198 952 haec
1224 881 1329 967 Appii
1354 883 1473 952 merita

305 990 402 1071 quasi
417 990 526 1057 obiter
540 989 756 1075 perstringat.
793 988 830 1058 Si
853 989 924 1072 quis
939 989 1078 1057 Diodori
1100 993 1135 1056 et
1151 988 1242 1059 Livii
1263 989 1473 1059 narrationes

298 1097 390 1166 inter
406 1117 444 1166 se
460 1097 712 1183 comparaverit,
730 1097 816 1166 alias
829 1115 955 1180 quoque
976 1095 1197 1182 investigabit
1219 1097 1473 1183 discrepantias,

297 1205 403 1273 Nobis
427 1206 491 1271 hae
509 1203 692 1274 sufficiant.
1073 1279 1075 1284 ,

388 1313 458 1378 Res
481 1331 503 1378 a
525 1311 658 1397 regibus
681 1312 904 1380 Romanorum
935 1317 1051 1397 gestas
1082 1330 1148 1379 non
1171 1329 1190 1378 e
1217 1309 1340 1380 Pisone
1362 1329 1469 1396 sump-

296 1415 380 1484 sisse
389 1417 570 1485 Diodorum
579 1421 820 1503 comprobatur,
837 1420 923 1503 quod
939 1418 1026 1502 apud
1040 1417 1137 1485 Diod.
1163 1418 1202 1484 X
1223 1424 1251 1484 1.
1269 1417 1468 1502 Tarquinius

299 1522 469 1608 Superbus
492 1525 601 1594 Prisci
623 1525 711 1594 filius
742 1527 944 1611 appelletur,
976 1525 1055 1594 Piso
1083 1544 1162 1594 vero
1185 1524 1295 1594 Prisci
1317 1530 1470 1610 nepotem

296 1629 400 1700 fnisse
425 1630 607 1714 Superbum
630 1632 835 1701 defenderat.
861 1633 917 1720 (cf.
940 1632 981 1700 fr.
1009 1638 1048 1698 15
1073 1632 1212 1717 Dionys.
1237 1630 1318 1699 Hal.
1341 1635 1403 1712 IV,
1436 1640 1470 1716 73

300 1745 358 1818 283
384 1745 441 1816 31;
467 1743 523 1817 333
547 1739 622 1810 Liv.
647 1741 667 1806 I
690 1747 742 1824 46,
767 1743 810 1822 4).
857 1740 937 1808 Piso
952 1739 987 1807 id
1006 1739 1212 1823 potissimum
1228 1741 1299 1826 egit
1319 1739 1469 1808 historiis

299 1845 379 1929 suis,
403 1848 442 1913 ut
465 1845 621 1928 antiquas
644 1865 767 1915 morum
790 1847 993 1931 probitatem
1016 1852 1052 1914 et
1068 1847 1275 1930 disciplinam
1289 1851 1468 1918 renovaret

301 1957 337 2020 et
359 1956 528 2036 repeteret
550 1952 666 2036 itaque
689 1955 875 2037 aequalium
892 1973 998 2022 mores
1014 1960 1185 2038 corruptos
1198 1953 1391 2023 emendaret
1414 1951 1470 2032 (ci.

301 2060 342 2126 fr.
368 2067 398 2124 8.
425 2066 477 2124 25.
503 2066 554 2128 33.
579 2060 648 2147 40.)
694 2061 795 2130 Guius
825 2061 953 2130 consilii
985 2062 1073 2145 apud
1094 2062 1276 2130 Diodorum
1302 2080 1345 2128 ne
1367 2058 1470 2130 vesti-

300 2167 389 2253 gium
412 2167 543 2250 quidem
564 2171 678 2250 potest
700 2168 864 2254 indagari.

387 2273 486 2343 Adde
514 2273 645 2342 Pisonis
676 2274 867 2360 fragmenta
890 2281 930 2340 23
955 2279 991 2343 et
1015 2282 1066 2360 26,
1092 2275 1210 2359 quibus
1240 2275 1313 2343 lnce
1346 2272 1470 2341 clarius

298 2381 337 2448 fit
362 2381 516 2450 Pisonem
540 2400 561 2447 a
583 2381 728 2451 Diodoro
750 2402 826 2451 non
849 2401 922 2451 esse
944 2384 1149 2466 usurpatum.

387 2489 416 2555 Ι.
448 2488 549 2572 Apud
580 2488 711 2558 Livium
741 2490 799 2556 IX
822 2497 875 2574 44,
908 2490 1090 2576 elegimus
1115 2488 1212 2556 haee:
1239 2487 1375 2572 „Oresti
1398 2504 1470 2554 con·

299 2595 388 2664 sules
405 2596 442 2663 L.
458 2596 659 2682 Postumius,
675 2596 725 2664 Pi.
743 2597 917 2666 Minucius.
941 2599 1015 2665 Hos
1036 2596 1187 2664 consules
1202 2595 1282 2663 Piso
1306 2594 1346 2680 Q.
1362 2592 1469 2661 Fabio

302 2708 338 2771 et
353 2705 392 2771 P.
408 2702 513 2770 Decio
538 2704 688 2788 suggerit
711 2704 870 2773 biennio
894 2709 1072 2787 exempto
1096 2721 1159 2784 quo
1176 2701 1382 2771 Claudium
1397 2701 1471 2772 Vo-

298 2810 551 2892 lumniumque
574 2815 610 2877 et
641 2809 869 2881 (iornelium
892 2830 964 2879 cnm
992 2809 1142 2877 Marcio
1173 2808 1324 2876 consules
1361 2806 1472 2876 iactos

298 2917 507 2984 tradidimus.
558 2916 760 2985 Memoriane
787 2917 913 3003 ingerit
939 2918 974 2984 in
1001 2915 1176 2984 annalibus
1202 2913 1402 3001 digerendis,
1428 2932 1472 2981 an

302 3024 455 3091 consulto
477 3023 571 3090 binos
595 3024 746 3092 consules
769 3024 873 3093 falsos
897 3028 1002 3106 ratus,
1027 3022 1284 3105 transcenderit,
1309 3020 1472 3089 incertum

303 3135 388 3200 est“.
429 3129 552 3199 Omisit
567 3131 671 3214 igitur
685 3132 764 3199 Piso
781 3132 922 3217 collegia
938 3148 1096 3199 annornm
1120 3136 1194 3207 447,
1220 3135 1295 3196 448.
1334 3131 1469 3198 Utrum·

299 3257 363 3321 que
385 3257 464 3307 vero
487 3237 691 3306 invenitur
718 3239 805 3322 apud
828 3239 1039 3305 Diodorum
1062 3238 1148 3322 XX,
1177 3244 1234 3320 453
1264 3242 1314 3303 73.
1361 3234 1468 3320 Quam

301 3353 339 3411 ut
371 3346 496 3412 tollant
528 3342 768 3425 difficultatem,
800 3345 926 3414 frustra
957 3364 1090 3428 operam
1119 3344 1262 3428 perdunt
1296 3341 1329 3409 ei
1362 3342 1418 3424 qni
1453 3360 1472 3408 e

298 3450 433 3519 Pisonis
462 3449 637 3520 annalibus
665 3451 817 3520 hausisse
844 3452 1022 3520 Diodorum
1050 3454 1182 3534 putant.
1231 3448 1364 3517 (tlason.
1393 3449 1415 3515 l.
1449 3449 1470 3515 l.

299 3558 488 3641 suspicatur
513 3558 605 3627 illum
632 3562 767 3642 praeter
795 3559 950 3628 Pisonem
978 3576 1155 3642 usurpasse
1186 3555 1293 3624 fastos
1316 3556 1471 3641 vulgares

302 3683 424 3747 eosque
447 3665 637 3733 Pisonianis
659 3667 869 3750 praetulisse.
916 3665 982 3736 Sed
1005 3685 1105 3749 sopra
1127 3664 1193 3731 iam
1209 3663 1349 3731 vidimus
1364 3663 1472 3730 fastos

301 3771 377 3839 libr.
406 3772 636 3856 XHl-XX,
660 3773 717 3840 ubi
739 3772 826 3840 binis
848 3778 979 3841 tantum
1003 3771 1187 3839 nominibus
1210 3774 1374 3853 apparent
1398 3788 1472 3836 con·

298 3880 404 3947 sulum
434 3879 576 3960 nomina,
606 3900 647 3948 ex
675 3880 842 3948 annalium
863 3877 1033 3968 {scriptore
1056 3877 1260 3961 excerpsisse
1281 3877 1471 3945 Diodorum.

299 3985 534 4055 Infelicissime
565 3988 628 4055 sibi
661 3987 757 4074 fingit
791 3987 929 4054 Klimke
961 4008 993 4071 p.
1030 3993 1081 4051 37.
1138 3985 1271 4054 Pisonis
1304 3982 1472 4052 annalium

301 4094 461 4162 lectorem
484 4094 691 4178 nescioquem
714 4096 787 4173 duo,
812 4114 897 4178 quae
920 4094 1077 4163 omiserat
1100 4093 1241 4178 collegia
1264 4091 1355 4176 Piso,
1383 4091 1472 4158 inter

299 4208 363 4266 446
389 4206 424 4268 et
449 4208 512 4266 449
537 4201 756 4272 intercalasse
779 4206 814 4270 et
834 4202 1014 4270 Diodorum
1037 4199 1101 4268 tali
1123 4199 1324 4285 interpolato
1339 4197 1472 4266 Pisonis

299 4308 469 4376 annalium
493 4309 672 4392 exemplari
701 4329 795 4379 usum
825 4329 907 4378 esse.
952 4310 1038 4379 Num
1071 4308 1179 4375 lector
1200 4307 1257 4375 ille
1288 4305 1467 4391 „diligens“

302 4415 432 4482 induxit
455 4416 490 4482 in
505 4416 637 4484 Pisonis
660 4421 790 4485 textum
813 4419 916 4485 etiam
939 4415 1173 4485 adnotationes
1193 4413 1372 4482 historicas
1388 4430 1471 4494 quas

302 4521 454 4589 adnectit
477 4522 642 4592 Diodorus
666 4542 752 4590 anno
776 4523 864 4590 448?
909 4523 963 4592 Ac
985 4542 1026 4590 ne
1043 4521 1168 4590 Oohnio
1185 4520 1314 4602 quidem
1330 4517 1472 4603 contigit
