3410 5052
683 249 955 310 ..⁶9-

273 425 357 508 apud
374 423 522 494 Graecos
544 442 670 524 quoque
693 426 808 494 eadem
830 425 969 494 nominis
992 426 1097 493 forma
1121 425 1295 512 (Φαλίσκοι)
1318 427 1440 509 saepis·
1550 442 1553 448 ’

274 533 354 599 sime
377 521 568 600 inveniatur
590 536 725 616 praeter
748 532 910 600 usitatam
927 539 1103 614 Φαλερίους,
1119 551 1185 599 000
1201 536 1254 599 000
1275 553 1332 600 eur
1355 533 1442 616 apud

270 639 451 706 Diodorum
473 638 632 706 Latinum
655 643 843 708 statuamus
866 639 1001 706 fontem.
1040 638 1181 724 Legitur
1197 659 1258 725 eg.
1281 646 1440 704 mallones:
1479 698 1482 705 .

270 746 361 812 Plut.
387 745 478 814 Oam.
501 752 531 830 9,
555 752 605 822 10,
625 753 680 824 77;
704 747 776 813 Pol.
799 749 829 823 I,
855 753 910 831 653
934 747 1031 814 Diod.
1056 748 1156 828 XIV,
1183 753 1238 829 983
1263 748 1363 831 XVI,
1388 751 1440 814 31.

270 853 473 920 Plutarchus
496 853 530 920 in
559 853 631 923 vita
655 852 788 921 Camilli
810 854 993 936 promiscue
1015 853 1122 934 utitur
1145 853 1258 921 formis
1280 859 1443 930 Φαλίσκοις

271 961 307 1024 00
332 965 491 1040 Φαλερίοις
519 961 571 1028 ita
593 964 721 1045 tamen,
745 964 783 1027 ut
805 961 945 1044 priorem
968 961 1135 1046 praeferre
1158 961 1313 1030 videatur
1332 962 1362 1028 si
1376 981 1442 1029 non

271 1067 312 1132 de
340 1065 465 1135 civibus
489 1067 598 1136 urbis
622 1068 832 1152 Faleriorum,
862 1069 920 1135 sed
948 1069 988 1135 de
1016 1067 1133 1136 incolis
1163 1067 1267 1136 totius
1298 1068 1442 1152 regionis

273 1190 379 1239 sermo
396 1177 449 1240 est
466 1194 493 1240 0.
510 1195 541 1260 g.
562 1175 585 1242 l.
602 1175 624 1241 l.
645 1181 694 1240 10.
712 1173 913 1256 ,ἀποδούσης
928 1179 961 1240 δὲ
977 1183 1031 1255 τῆς
1045 1177 1162 1254 βουλῆς
1175 1174 1270 1239 πάλιν
1284 1176 1390 1261 ἐκείνῳ
1406 1173 1442 1240 τὸ

272 1294 376 1361 κρῖναι
396 1285 448 1344 καί
468 1284 617 1363 διαιτῆσαι
638 1285 745 1359 ταῦτα,
770 1282 913 1362 χρήματα
928 1281 1037 1360 λαβὼν
1060 1280 1145 1364 παρὰ
1167 1288 1235 1345 τῶν
1250 1288 1443 1364 Φαλερίων

273 1392 323 1451 καὶ
358 1393 464 1466 φιλίαν
497 1387 577 1470 πρὸς
612 1381 777 1465 ἅπαντας
812 1396 1015 1464 Φαλίσκους
1048 1391 1180 1465 θέμενος
1214 1386 1443 1470 ἀνεχώρησεν“.

359 1513 421 1585 VI.
449 1515 633 1582 Praeterea
662 1515 802 1600 legimus
829 1515 929 1600 XIV,
964 1521 1002 1580 11
1032 1513 1207 1581 castellum
1237 1532 1258 1581 a
1284 1514 1444 1582 Romanis

274 1619 519 1703 communitum,
552 1621 604 1688 cui
633 1621 779 1689 Diodoro
810 1625 899 1689 teste
932 1640 1050 1688 nomen
1084 1626 1160 1688 erat
1193 1617 1385 1705 ,Ἔρωσιν
1423 1641 1444 1687 a

273 1727 405 1800 Volscis
435 1746 521 1794 anno
546 1734 608 1793 347
633 1729 668 1798 vi
695 1748 769 1797 esse
797 1732 1032 1814 expugnatum.
1078 1729 1199 1796 Procul
1222 1728 1321 1795 dubio
1343 1729 1444 1814 signi·

271 1835 373 1901 ficare
400 1835 474 1903 uult
501 1834 558 1903 ille
585 1836 805 1921 Verruginem
833 1837 918 1919 quod
944 1835 1145 1920 praesidium
1173 1842 1235 1901 347
1267 1855 1288 1902 a
1311 1836 1443 1908 Volscis

272 1960 345 2009 esse
377 1941 533 2009 amissum
562 1943 672 2027 prodit
705 1943 822 2012 Livius
853 1945 906 2014 IV
938 1951 989 2026 58,
1023 1950 1050 2008 3.
1096 1943 1189 2010 Idem
1222 1942 1396 2010 castellum
1423 1963 1443 2010 a

271 2048 418 2116 Diodoro
440 2049 532 2120 XIV
556 2056 597 2114 98
622 2083 663 2105 =
686 2051 761 2120 Liv.
785 2053 818 2124 V
842 2057 883 2116 28
911 2049 946 2116 in
974 2048 1139 2117 codicibus
1171 2050 1360 2134 appellatur
1382 2049 1443 2136 (ἐκ)

273 2155 482 2239 Οὐερρηγῖνος
497 2155 553 2242 (al.
566 2156 776 2246 Οὐερηγίνας).
816 2159 969 2225 Formam
986 2152 1164 2240 Ἒρρονκαν
1183 2157 1219 2224 in
1241 2157 1350 2241 priore
1371 2158 1444 2223 1030

271 2263 355 2329 nihil
370 2281 444 2332 esse
459 2263 525 2331 nisi
540 2268 654 2333 textus
671 2265 892 2349 corruptelam
906 2265 1006 2348 paulo
1028 2264 1216 2351 graviorem
1239 2265 1354 2347 quales
1373 2284 1443 2348 per-

273 2371 400 2438 multae
421 2371 631 2454 reperiuntur
653 2373 688 2439 in
710 2373 804 2440 libris
824 2372 1008 2455 Diodoreis,
1033 2371 1105 2455 quis
1128 2376 1182 2439 est
1205 2370 1261 2452 qui
1283 2390 1348 2439 non
1371 2390 1443 2439 con·

273 2477 392 2546 cedat?
423 2479 491 2548 Vix
514 2479 686 2562 quisquam
709 2480 848 2547 accedet
863 2478 991 2564 Meyeri
1014 2478 1158 2565 opinioni
1181 2478 1236 2561 qui
1259 2479 1445 2564 scripturae

273 2585 531 2669 discrepantiam
559 2587 705 2656 Diodoro
736 2587 901 2670 imputare
932 2590 1072 2654 conatur
1101 2605 1173 2653 cum
1201 2584 1283 2653 dicit
1310 2586 1333 2653 1.
1360 2587 1383 2654 l.
1411 2608 1442 2671 p.

274 2700 459 2758 err-612.
502 2695 644 2771 „Solodes
658 2695 849 2761 Scdwuadea
859 2694 903 2759 ter
916 2694 1075 2760 aotdrlicd
1085 2693 1162 2760 wold
1173 2693 1220 2758 tet
1234 2693 1334 2759 ciuem
1345 2695 1445 2778 weaip

273 2801 478 2886 sorqfditiqea
499 2785 688 2882 meseteer,
712 2801 786 2867 ader
800 2801 887 2867 aicit
909 2801 957 2867 bei
972 2801 1163 2884 Bocotaaap
1177 2801 1261 2866 ciacc
1275 2801 1445 2884 griechiscd

273 2908 491 2974 scdreodeadec
518 2909 659 2993 Rdmers,
689 2909 745 2975 der
771 2908 821 2974 die
852 2908 1063 2975 Verddltaisse
1088 2909 1205 2974 1000000
1230 2909 1299 2974 aad
1319 2915 1444 2986 0000000,

274 3015 350 3080 doce
373 3015 523 3081 detdemci
544 3016 675 3082 dteselbe
699 3015 1024 3101 usurpatores,
1048 3014 1257 3100 miglird.“¹³l

366 3264 398 3335 18)
417 3263 494 3319 Idem
528 3262 683 3332 offenditur,
708 3264 780 3334 quod
798 3266 926 3335 Verrugo
951 3265 1024 3334 apud
1046 3263 1125 3322 Diod.
1149 3263 1222 3332 XIV,
1244 3265 1275 3320 ll
1301 3263 1375 3334 (347)
1393 3279 1445 3320 nec

274 3369 328 3410 non
347 3370 364 3409 a
383 3353 462 3409 Livio
481 3352 528 3422 IV,
547 3353 591 3420 58,
610 3355 627 3408 3
652 3352 781 3423 oppidum
806 3353 835 3410 in
859 3354 1021 3410 Volscorum
1044 3353 1145 3409 finibus
1170 3352 1255 3410 situm
1279 3354 1444 3422 appellatur.

274 3442 353 3498 Diod.
373 3442 391 3498 l.
410 3443 428 3498 l.
449 3441 611 3515 ,Ἔρρανκαν
628 3440 709 3494 πόλιν
729 3441 931 3500 Οὐόλσκων.“
968 3442 1028 3500 Isiv.
1049 3445 1104 3513 „ut
1121 3443 1150 3498 in
1168 3441 1304 3498 Volscis
1332 3449 1448 3513 accepta

276 3532 370 3588 clades
379 3530 482 3588 amisso
488 3532 644 3603 Verrugine
654 3530 819 3602 praesidio.“
843 3532 924 3604 (item
933 3531 993 3590 Liv.
1006 3533 1053 3600 IV,
1067 3533 1110 3600 55,
1120 3532 1146 3587 8.
1155 3529 1218 3586 Val.
1228 3529 1300 3587 Max.
1311 3531 1363 3601 Ill,
1376 3535 1402 3601 3,
1411 3533 1448 3604 8.)

275 3637 336 3677 eum
365 3621 437 3690 apud
456 3620 607 3677 Diodorum
624 3621 700 3688 XIV,
720 3623 754 3679 98
778 3623 815 3692 (a.
835 3621 908 3692 360).
934 3645 969 3669 =
993 3621 1053 3677 Lis.
1072 3621 1106 3691 V,
1125 3620 1205 3689 28,ss
1235 3618 1308 3676 idem
1332 3637 1447 3680 comme·

275 3716 399 3767 moretur
418 3710 563 3766 castellum
581 3709 611 3766 in
638 3711 710 3767 bello
737 3715 833 3767 contra
862 3711 997 3779 Aequos
1021 3715 1111 3782 gesto.
1148 3709 1216 3765 Inde
1242 3708 1382 3766 concludit
1405 3711 1449 3768 vir

276 3799 451 3856 doctissimus
478 3798 497 3854 l.
516 3799 534 3856 1.
554 3815 580 3868 p.
599 3802 652 3854 613
671 3799 732 3855 adn.
759 3802 783 3855 1.
808 3814 854 3856 res
882 3799 1081 3870 antiquissimis
1105 3796 1275 3867 temporibus
1298 3804 1395 3870 gestas
1419 3800 1448 3856 in

276 3890 369 3947 festos
389 3905 451 3946 0000
469 3888 574 3945 relatas
592 3892 688 3944 aetate
706 3889 792 3944 multo
811 3889 973 3959 posteriore,
993 3904 1046 3958 qua
1065 3885 1197 3943 memoria
1208 3887 1384 3957 antiquarum
1396 3887 1448 3945 Ιια-

275 3979 310 4035 tii
329 3978 455 4051 gentium
473 3977 529 4034 iam
548 3977 694 4034 evanuerit
713 3982 743 4033 et
761 3978 907 4034 obscurata
925 3977 1019 4034 fuerit.
1063 3974 1151 4042 Quam
1175 3975 1391 4046 discrepantiam
1417 3983 1449 4034 ut

276 4069 434 4132 rectissIma
453 4072 483 4125 et
501 4066 706 4137 simplicissima
718 4067 895 4137 expediamus
907 4067 1025 4134 ratione,
1044 4063 1146 4135 optime
1160 4065 1322 4122 adiuvamur
1339 4067 1456 4140 aIsivio,

277 4159 356 4228 IV,1,
366 4162 392 4213 4.
407 4157 462 4228 ,Εο
472 4156 590 4214 Volscos
598 4157 763 4226 Aequosque
774 4156 807 4211 ob
817 4157 1013 4212 communitam
1021 4154 1205 4226 Verruginem
1214 4155 1359 4212 fremere.“
1370 4156 1449 4213 Unde

279 4247 404 4318 sequitur
421 4245 605 4317 Verruginem
619 4246 702 4302 sitam
714 4244 801 4301 fuisse
819 4245 868 4302 nbi
885 4245 953 4301 fines
970 4245 1128 4314 Aequorum
1140 4245 1256 4302 Volscos
1275 4245 1448 4316 contingunt.

280 4337 340 4392 Iam
357 4337 447 4406 igitur
464 4336 596 4393 hebemus
615 4351 714 4392 causas
732 4350 782 4390 cnr
799 4333 881 4390 huius
899 4333 1010 4390 castelli
1027 4338 1058 4390 et
1075 4333 1104 4390 in
1126 4334 1199 4391 bello
1224 4338 1321 4390 contra
1338 4336 1452 4402 Aequos

279 4432 309 4482 et
325 4433 420 4482 contra
432 4425 547 4482 Volscos
565 4430 647 4497 gesto
660 4424 710 4480 fiat
728 4422 840 4480 mentio.
871 4421 1044 4479 Praesidium
1062 4422 1140 4480 iuxta
1158 4423 1226 4479 fines
1245 4427 1276 4480 et
1287 4423 1455 4480 Volscorum

280 4520 309 4572 et
327 4515 485 4584 Aequorum
504 4515 589 4571 sitnm
608 4530 679 4570 anno
699 4516 779 4569 3470
798 4512 914 4580 Volscis,
933 4527 1004 4568 anno
1022 4513 1075 4568 333
1093 4512 1127 4570 ab
1146 4511 1249 4581 Aequis
1268 4515 1312 4568 est
1329 4513 1433 4582 captur
