3366 5052
732 286 949 345 ..62-

257 457 308 525 dis
331 459 496 542 Tarpeiae
519 457 703 541 proditione
727 464 767 539 (c.
788 463 839 541 17)
864 463 900 526 et
920 459 1116 528 Sabinarum
1139 459 1302 544 virginum
1325 464 1425 544 raptu

258 571 325 647 (14)
341 565 440 633 Fabii
456 565 594 634 annales
609 584 674 633 non
689 564 877 651 neglexisse
894 565 1028 634 videtur
1043 565 1097 650 (ci.
1111 565 1148 635 O.
1157 567 1196 635 F.
1205 567 1249 634 A.
1263 566 1424 648 Schmidt,

261 672 320 750 „de
351 671 498 742 fontibus
521 671 696 741 Plutarchi
718 673 755 740 in
776 672 857 743 vitis
883 673 1016 742 Romuli
1046 678 1082 742 et
1107 675 1274 759 Numae“;
1304 675 1423 752 Barth,

262 780 320 856 „de
343 777 680 861 Jubaeepoaomcwt
704 781 819 865 Peter,
852 779 1004 863 „Queileo
1019 781 1191 849 Piotorcbe
1210 783 1246 848 io
1268 781 1328 848 dac
1349 782 1425 850 Bio

254 887 406 971 propbieo
428 888 484 954 der
507 887 640 953 Romer“
667 893 698 971 p.
726 894 787 952 146
811 888 908 977 sqq.).

500 1011 536 1081 d.
559 1010 615 1082 De
638 1009 820 1101 Dionysio
843 1012 1183 1085 Halicarnassensi.

345 1120 415 1188 Res
439 1141 460 1188 a
482 1121 614 1207 regibus
630 1121 851 1190 Romanorum
873 1126 991 1208 gestas
1006 1122 1187 1206 Dionysius
1209 1123 1244 1190 in
1268 1129 1428 1206 quattuor

256 1226 351 1294 libris
375 1227 506 1313 copiosa
530 1233 566 1296 et
594 1227 713 1298 diflusa
745 1229 904 1299 describit
934 1230 1149 1316 expositione.
1195 1231 1299 1299 Haud
1329 1230 1427 1299 dubie

257 1334 322 1401 hac
343 1334 448 1418 prima
471 1335 506 1402 in
533 1339 630 1419 parte
659 1336 900 1420 antiquitatum
922 1339 1146 1406 Romanarum
1173 1357 1385 1423 quaeeunque
1409 1359 1428 1406 e

257 1441 371 1509 multis
386 1442 609 1511 Romanorum
624 1443 840 1530 scriptoribus
857 1444 1078 1530 decerpserat,
1094 1445 1130 1514 in
1144 1465 1243 1514 uuum
1258 1445 1428 1532 congessit

258 1553 294 1616 et
315 1549 538 1619 coacervavit.
569 1549 646 1618 Non
666 1570 741 1618 raro
762 1550 857 1620 iuxta
872 1553 966 1636 ponit
981 1553 1180 1622 traditiones
1198 1553 1428 1638 discrepantes

258 1656 377 1741 quippe
407 1676 491 1741 quae
514 1676 535 1724 a
559 1657 700 1727 diversis
722 1657 905 1741 prodantur
928 1661 1118 1729 auctoribus
1143 1661 1195 1744 (ci.
1221 1680 1249 1728 c.
1274 1681 1305 1747 g.
1330 1659 1429 1728 Remi

258 1769 405 1850 mortem,
419 1765 583 1849 Tarpeiae
605 1755 854 1854 proditionem.)
880 1768 1053 1836 Laudatur
1068 1769 1147 1837 Piso
1162 1769 1202 1836 H
1218 1775 1274 1852 38;
1297 1769 1378 1836 IHI
1395 1774 1428 1852 73

257 1873 335 1940 IIII
361 1879 415 1956 153
446 1872 506 1941 On.
531 1871 661 1942 Gellius
684 1873 724 1940 Π
748 1879 804 1952 31;
834 1875 953 1956 11723
983 1875 1023 1944 H
1048 1883 1104 1956 763
1133 1877 1212 1944 ΠΠ
1237 1882 1271 1962 6;
1296 1875 1349 1947 VI
1374 1881 1428 1953 113

258 1979 451 2063 saepissime
476 1981 577 2049 etiam
601 1979 726 2049 Fabius
757 1980 850 2061 1793
874 1983 913 2050 H
930 1989 998 2062 303'
1010 1984 1088 2051 HH
1105 1990 1135 2067 6,
1162 1990 1212 2067 15,
1231 1989 1283 2067 30,
1302 1988 1343 2046 64
1360 1982 1428 2050 alii.

716 2123 747 2174 e.
773 2103 829 2174 De
853 2104 895 2174 L'
927 2107 936 2123 '
963 2159 972 2179 .

345 2213 472 2280 Restat
494 2218 532 2281 ut
556 2215 596 2281 de
619 2212 715 2283 Livio
738 2125 1053 2298 Patavinbwgaucis
1079 2215 1251 2298 disputem.
1298 2213 1431 2284 Livium

257 2319 360 2405 primo
388 2319 425 2386 in
451 2319 550 2404 libro,
579 2338 642 2403 quo
670 2340 724 2389 res
748 2341 769 2388 a
791 2321 925 2408 regibus
947 2327 1066 2410 gestae
1090 2322 1315 2407 eontinentur,
1340 2323 1431 2389 nullo

257 2426 327 2494 fere
354 2425 419 2494 nisi
441 2427 548 2493 Fabio
578 2446 671 2495 usum
701 2447 775 2497 esse
805 2432 950 2514 auctore,
997 2430 1032 2497 id
1062 2430 1148 2514 quod
1177 2429 1273 2497 multi
1303 2429 1432 2513 opinati

259 2538 337 2602 sunt
353 2533 418 2604 viri
433 2534 533 2619 docti,
558 2534 659 2602 certis
675 2536 881 2622 argumentis
896 2537 1088 2621 neutiquam
1103 2541 1216 2622 potest
1237 2536 1430 2604 confirmari.

257 2642 373 2726 Nuper
394 2642 629 2727 Heydenreieh
659 2643 694 2710 in
715 2643 827 2712 libello
851 2645 907 2727 qui
928 2645 1121 2713 inscribitur
1148 2645 1290 2720 „Fabius
1313 2643 1431 2709 Pictor

257 2749 323 2817 und
350 2750 487 2820 Livius“
518 2750 658 2834 protulit
686 2770 805 2818 causas
835 2752 920 2819 satis
952 2751 1089 2819 idoneas
1120 2750 1236 2833 quibus
1268 2749 1431 2817 adductus

259 2877 320 2944 ego
348 2864 475 2942 quoque
502 2876 538 2924 re
562 2857 740 2943 diligenter
762 2877 926 2943 perpensa
949 2857 1096 2924 dubitem
1118 2876 1195 2925 num
1218 2856 1336 2925 Livius
1360 2874 1431 2922 cum

257 2965 294 3031 in
321 2963 397 3031 aliis
424 2969 495 3031 tum
522 2964 626 3048 primo
652 2965 688 3033 in
715 2967 799 3034 libro
829 2966 935 3034 multa
966 2964 1088 3032 debeat
1116 2964 1215 3032 Fabii
1246 2963 1431 3032 annalibus.

258 3072 376 3154 Neque
398 3089 478 3140 vero
500 3071 535 3139 id
558 3073 755 3142 contendam
771 3073 870 3141 Fabii
894 3073 1032 3141 annales
1056 3071 1188 3141 aLivio
1211 3090 1344 3155 prorsus
1367 3089 1433 3138 non

259 3199 333 3249 esse
352 3179 529 3264 adhibitos,
560 3181 740 3250 laudantur
759 3182 967 3264 enim144‚2;
983 3186 1068 3265 55,7.
1092 3180 1236 3247 Praeter
1254 3177 1353 3245 Fabii
1370 3179 1432 3247 hoc

259 3289 363 3373 primo
385 3289 421 3357 in
435 3287 519 3357 libro
532 3287 665 3357 Pisonis
684 3289 899 3360 inveniuntur
914 3288 1070 3373 vestigia,
1084 3287 1141 3371 qui
1152 3285 1310 3355 laudatur
1324 3286 1431 3367 Isse.

259 3394 363 3462 Porro
386 3395 547 3480 incapite
567 3399 639 3479 11,9
665 3415 727 3478 quo
745 3396 858 3481 agitur
873 3395 914 3464 de
930 3394 1095 3479 Farpeiae
1110 3392 1305 3478 proditione,
1329 3393 1433 3460 verba

264 3507 360 3580 „sunt
392 3503 448 3587 qui
479 3522 553 3572 eam
591 3521 633 3570 ex
670 3508 769 3587 pacto
792 3502 956 3586 tradendi,
982 3501 1067 3585 quod
1088 3502 1124 3569 in
1144 3499 1291 3569 sinistris
1329 3498 1432 3568 mani·

259 3610 321 3678 bus
348 3610 520 3688 baberent,
549 3610 684 3678 derecto
708 3629 800 3676 arma
827 3611 954 3695 petisse
977 3609 1102 3687 dicant,
1127 3614 1163 3676 et
1185 3606 1302 3676 fraude
1325 3606 1433 3676 risam

261 3735 363 3802 agere
401 3735 462 3784 sua
499 3719 606 3801 ipsam
652 3722 856 3801 peremptam
894 3716 1062 3790 mercede‘
1105 3715 1260 3783 Pisonem
1298 3714 1432 3791 sentire,

261 3824 417 3892 discimus
450 3844 469 3890 e
503 3824 658 3909 Dionysii
696 3824 753 3890 lib.
788 3826 836 3904 H,
874 3830 926 3889 38.
975 3826 1063 3892 Item
1099 3823 1217 3893 Livius
1254 3823 1290 3890 in
1321 3821 1433 3907 capite

262 3938 337 4015 46,4
360 3930 492 3998 Pisonis
516 3932 705 4000 sententiae
728 3930 812 3998 facit
829 3932 1035 4001 mentionem.
1075 3930 1161 4008 „Hic
1176 3931 1216 3997 In
1233 3929 1432 4013 Farquinius

261 4038 384 4125 (Prisci
412 4039 585 4122 Tarquinii
612 4039 702 4125 regis
732 4037 819 4106 fflius
850 4058 994 4122 neposne
1024 4038 1138 4124 inerit,
1171 4056 1286 4125 pamm
1316 4038 1431 4122 liquet,

260 4145 408 4233 plmu‘bus
431 4151 544 4214 tamen
567 4146 757 4216 auctoribus
779 4146 881 4214 lilium
905 4146 1095 4233 ediderim)“
1135 4147 1245 4215 Docet
1268 4145 1354 4213 enim
1373 4143 1432 4212 Di·

262 4253 395 4339 onysius
429 4253 530 4339 IVst,
561 4252 731 4339 Pisonem,
762 4253 819 4337 qui
854 4253 1065 4339 praeeipuam
1104 4272 1217 4323 curam
1253 4252 1364 4336 posuit
1397 4252 1433 4319 in

261 4364 444 4444 temporum
472 4359 619 4442 ratione,
650 4360 788 4429 Lucium
820 4361 1002 4446 Superbum
1031 4379 1097 4428 non
1127 4360 1242 4437 filium,
1274 4363 1312 4427 ut
1342 4359 1432 4428 fama

262 4464 402 4553 ferebat,
428 4467 487 4537 sed
509 4471 662 4553 nepotem
684 4467 788 4536 fuisse
811 4467 984 4554 Farquinii
1007 4467 1116 4536 Prisci
1139 4466 1335 4536 defendisse.
